3167 5192
300 488 361 554 100

289 654 468 738 ¹viderunt,
499 664 532 721 et
558 654 793 741 benignissime
818 662 966 741 receptos
994 656 1155 721 aluerunt.
1205 652 1417 743 Quapropter

240 840 247 853 .
300 781 341 826 aa
365 757 460 842 urhs,
495 779 592 847 quum
622 756 701 823 olim
728 778 932 825 communem
961 757 1120 825 anaim
1146 757 1256 825 locum
1282 756 1417 823 dixerat
1479 820 1483 825 .

300 860 438 948 Pythia,
465 870 543 933 tunc
572 860 705 947 quidem
728 861 909 927 communis
932 860 1132 927 eruditorum
1153 861 1296 927 omnium
1317 858 1414 925 locus

300 972 428 1050 peterat
447 962 574 1029 haberi.
604 962 760 1029 Antiochi
780 963 896 1049 Magni
914 984 967 1027 res
989 985 1086 1050 quarn
1106 964 1175 1029 vim
1192 963 1228 1029 in
1242 962 1314 1049 ejus
1332 963 1414 1027 eivi-

299 1067 377 1134 tatis
405 1066 625 1133 conditionem
642 1064 834 1149 habuerint,
863 1073 976 1133 notum
998 1073 1059 1131 est.
1103 1064 1197 1131 Illius
1217 1065 1343 1153 impetu
1364 1086 1416 1129 re·

299 1188 415 1255 presso
436 1169 478 1234 A.
493 1166 616 1233 Atilius
635 1167 803 1234 Romanae
819 1167 935 1235 classis
949 1166 1136 1254 praefectus
1154 1166 1416 1235 Atheniensibus

190 1331 196 1355 ,
300 1268 389 1337 fame
414 1268 639 1337 laborantibus
666 1272 845 1337 maximam
870 1270 971 1335 tritici
991 1268 1118 1357 copiam
1139 1268 1322 1353 distrihult3
1347 1288 1415 1357 quo
1459 1270 1463 1275 ’

299 1372 388 1439 iacto
414 1372 547 1458 hugum
576 1374 755 1461 antiquitus
777 1375 986 1441 inventarum
1007 1371 1203 1439 beneficium
1229 1374 1264 1437 in
1285 1374 1417 1439 summi

301 1475 413 1564 inopis
433 1475 670 1562 quodammodo
692 1476 887 1544 retributum
909 1482 1021 1565 posset
1041 1474 1159 1541 videri.

389 1628 570 1695 Subsecuta
589 1637 665 1695 sunt
685 1631 840 1715 graviora
853 1638 1010 1718 tempora.
1035 1626 1130 1713 Nam,
1146 1636 1183 1693 ut
1197 1626 1263 1694 alia
1276 1636 1416 1711 taceam,

302 1731 522 1800 Romanorum
540 1732 656 1821 opibus
678 1734 713 1797 in
735 1718 928 1797 immensum
949 1730 1183 1815 crescentibus,
1205 1728 1416 1795 Mithridates

303 1858 364 1903 rex
381 1834 478 1900 Ponti
499 1834 535 1899 in
555 1835 728 1900 Graeciam
750 1838 934 1921 ingressus,
963 1834 1151 1923 primariam
1182 1832 1273 1898 illam
1297 1831 1416 1897 urbem

233 1958 244 1968 ‘
303 1945 444 2025 ceperat.
489 1934 596 2017 Quam
625 1924 743 2002 deinde
764 1936 857 2025 Sylla
886 1958 1050 2003 annorum
1077 1938 1113 2003 vi
1134 1937 1354 2023 recuperavit,
1383 1942 1416 1999 et

303 2040 499 2129 gravissime
519 2038 649 2106 afflixit.
677 2040 786 2127 Atque
809 2050 886 2105 tuno
903 2041 1043 2129 primum
1061 2039 1184 2105 factum
1203 2048 1261 2123 est,
1283 2046 1320 2103 ut
1339 2024 1416 2103 Ari-

304 2142 429 2210 stotelis
445 2144 565 2233 scripta
581 2150 802 2230 transportata
819 2140 965 2223 Romam,
987 2151 1148 2207 terrarum
1166 2140 1304 2207 dominis
1321 2140 1415 2205 inno·

302 2254 475 2311 tescerent.
520 2245 613 2327 Quae
634 2267 687 2310 res
709 2267 808 2333 quam
829 2246 896 2311 vim
914 2244 1082 2329 habuerit,
1103 2266 1198 2311 nemo
1219 2244 1334 2328 nescit,
1357 2243 1416 2331 qui

304 2355 336 2413 et
356 2348 472 2415 horum
492 2346 649 2413 librorum
676 2350 909 2435 praestantiam
931 2348 1031 2431 norit,
1060 2346 1178 2434 quibus
1198 2346 1415 2437 plurimarum

303 2451 387 2515 ratio
413 2448 659 2535 disciplinarum
689 2452 881 2536 consignata
912 2459 976 2533 est,
1007 2458 1039 2515 et
1071 2472 1182 2515 secum
1203 2449 1417 2539 reputaverit,

305 2560 383 2639 quot
411 2550 524 2641 populi
551 2550 704 2642 deinceps
731 2576 790 2641 per
823 2552 1003 2619 labentium
1030 2550 1213 2617 seculorum
1242 2552 1416 2617 decursum

304 2674 408 2740 usque
435 2653 477 2718 ad
496 2662 628 2718 renatas
650 2654 762 2719 literas
782 2653 825 2720 ab
846 2654 917 2741 ejus
939 2654 1079 2721 hominis
1101 2655 1234 2741 ingenio
1259 2653 1350 2719 velut
1372 2676 1418 2720 ex

303 2755 469 2822 uberrimo
490 2755 581 2822 fonte
602 2778 695 2821 suam
718 2756 888 2821 scientiam
908 2760 1055 2823 nemetim
1069 2758 1269 2847 repetierint.
1297 2754 1417 2845 Itaque

264 2870 268 2877 '
304 2856 463 2943 Athenae,
487 2880 571 2947 quae
592 2858 772 2924 Homerum
796 2861 856 2924 sua
872 2860 966 2947 quasi
986 2861 1118 2925 civitate
1138 2860 1308 2943 donarunt,
1330 2880 1416 2946 quae

206 2976 213 2983 ·
304 2959 476 3029 Platonem
496 2964 531 3027 in
548 2962 655 3027 lucem
675 2960 863 3045 edidemnt,
889 2961 1022 3029 eaedem
1051 2972 1083 3029 et
1101 2962 1323 3029 doctissimum
1343 2959 1417 3047 phi·

304 3055 512 3152 losophorum
540 3062 750 3129 Aristotelem
778 3062 822 3128 ad
850 3073 1041 3153 perpetuam
1067 3064 1267 3154 posteritatis
1295 3084 1415 3129 memo·

303 3168 388 3232 riam
410 3165 687 3234 commendarunt.

388 3322 482 3388 Adeo
504 3318 641 3402 deinde,
674 3327 711 3385 ut
731 3319 796 3385 huc
817 3320 966 3403 redeam,
999 3328 1090 3385 certa
1108 3317 1360 3385 Atheniensium
1381 3318 1417 3383 in

305 3423 469 3492 Romanos
486 3422 569 3487 fides
590 3422 664 3506 fnit,
684 3429 721 3487 ut
739 3423 871 3509 ¹sempor·
893 3430 925 3487 et
942 3422 978 3487 in
999 3422 1088 3489 omui
1107 3444 1154 3505 re,
1174 3419 1335 3509 quidqud
1349 3422 1415 3485 sin-

305 3529 381 3592 cers
413 3526 479 3592 fide
510 3532 694 3609 gereretur,
724 3526 760 3591 id
779 3524 920 3589 Romani
939 3524 1052 3591 Auiat
1076 3522 1148 3591 fieri
1175 3522 1415 3611 pmedioareut,

304 3628 468 3697 referente
504 3628 575 3711 ipso
608 3626 756 3698 Romano
786 3648 897 3696 rerum
928 3626 1119 3713 scriptore,
1151 3626 1234 3695 Post
1267 3646 1416 3713 pugnam

305 3728 528 3800 Pharsalicam
543 3728 652 3795 Julius
669 3728 791 3794 Caesar
808 3726 1059 3795 Atheniensium
1077 3728 1213 3812 civitati,
1234 3748 1318 3815 quae
1340 3748 1416 3795 oum

305 3832 462 3919 Pompejo
483 3832 615 3915 fecerat,
637 3832 798 3919 majorum
820 3831 928 3916 gratit
950 3831 1087 3917 ignovit.
1118 3828 1243 3898 Pacato
1253 3838 1416 3897 terrarum

306 3933 386 3999 orbe
417 3933 668 4001 illuxitAttiois
690 3932 794 3999 literis
820 3933 936 3999 laetior
961 3934 1045 4001 dies,
1088 3932 1156 4013 Qut
1182 3933 1268 3999 enim
1289 3954 1334 3999 ex
1350 3932 1415 3999 Ro

305 4037 411 4104 manis
438 4036 552 4103 harum
580 4036 769 4102 tractationi
796 4058 927 4124 operam
953 4034 1090 4118 dabant,
1119 4034 1145 4099 ii
1171 4032 1241 4099 iore
1263 4034 1416 4115 Athenas

304 4138 533 4221 mittebantur,
567 4160 647 4225 quas
679 4139 721 4206 ab
751 4138 816 4205 hae
847 4163 883 4205 re
911 4138 1102 4226 Propertius
1129 4142 1233 4205 docus
1258 4135 1414 4224 appellat.

306 4240 396 4323 Quid
414 4264 476 4329 ego
498 4240 714 4327 Pomponium
734 4263 928 4325 memorem,
958 4260 1055 4329 quam
1074 4260 1141 4309 nou
1161 4258 1343 4325 cognomen
1364 4259 1414 4305 so-

235 4389 239 4397 1
305 4344 374 4412 lum
386 4344 526 4411 Athenis
546 4341 735 4428 deportasse
748 4344 864 4411 Cicero
882 4343 970 4426 dicit,
992 4342 1051 4409 sed
1064 4340 1299 4413 humanatam
1314 4341 1416 4412 utiam

306 4455 341 4515 et
355 4446 573 4535 prudentiam.
606 4445 747 4513 uanum
767 4448 798 4512 ei
819 4444 892 4511 urbi
913 4443 1077 4539 tribuahut
1090 4446 1139 4528 is,
1153 4463 1217 4531 quo
1230 4444 1302 4531 ipso
1316 4464 1414 4513 numo
