3167 5192
1149 514 1258 616 Ι145

238 678 343 764 Aque
369 698 442 743 sam
463 698 555 764 spem
576 676 611 741 in
637 675 774 754 virentis
804 678 920 743 aetatis
945 678 1098 756 firmitate
1118 678 1258 765 positam

155 787 274 844 netum
294 778 426 867 quidem
447 777 705 868 deponebamus,
734 778 924 847 cummorbi
950 782 1100 847 acerrimi
1124 771 1257 847 nuntius

155 882 277 947 adlatus
305 891 402 950 esset.
447 882 514 963 Qui
539 883 610 969 ipse
641 883 772 968 egregie
804 882 960 970 patefecit
986 884 1129 949 omnium
1157 882 1258 950 animi

154 985 190 1046 in
209 986 362 1071 optimum
380 984 544 1049 hominem
570 1006 713 1050 sensum.
758 982 831 1065 Quo
852 995 997 1073 tempore
1019 987 1075 1073 qni
1092 984 1257 1072 trepidan-

152 1086 229 1151 tium
249 1086 366 1153 circuli
386 1086 474 1151 lieri!
497 1087 554 1173 qui
574 1085 630 1153 vel
649 1088 863 1155 metuentium
888 1089 942 1155 vel
971 1089 1170 1177 sperantium
1183 1109 1256 1163 ‚ser-

151 1211 257 1254 mones
284 1188 409 1253 audiri!
434 1188 522 1277 quod
549 1188 689 1277 denique
715 1190 858 1255 omnium
885 1192 1006 1259 civium
1032 1192 1175 1257 studium
1202 1189 1256 1255 de·

151 1290 281 1356 clararii
304 1290 482 1373 -Qualis
506 1312 585 1357 vero
606 1300 685 1357 tunc
703 1292 842 1359 aliorum
862 1316 951 1381 spes,
980 1294 1117 1361 aliorum
1139 1302 1254 1375 metus,

150 1392 220 1459 talis
241 1416 330 1459 nunc
347 1396 575 1483 universorum
598 1392 722 1479 luctus,
744 1417 887 1479 moeror,
906 1396 1114 1463 desiderium.

229 1496 276 1561 Et
299 1518 379 1563 vero
406 1505 577 1585 quantam,
610 1520 772 1585 quamque
796 1498 921 1584 justam
952 1498 1063 1565 multis
1089 1496 1256 1567 moerendi

150 1600 316 1665 materiam
328 1608 441 1676 ,morte
463 1599 536 1665 Tua
556 1598 718 1665 obtulisti!
741 1599 928 1667 Dolendum
947 1602 995 1666 rei
1016 1600 1183 1667 literarum
1196 1622 1255 1689 pu·
1362 1602 1377 1610 ”

149 1700 267 1784 blicae,
296 1724 381 1790 qnae
408 1702 456 1767 Te
481 1701 742 1769 laudatissimum
770 1704 874 1771 civem
897 1704 1057 1783 amiserit,
1079 1704 1255 1771 dolendum

149 1804 351 1887 academiae,
378 1826 462 1891 quae
487 1806 663 1892 praecipuo
690 1806 800 1894 aliquo
829 1808 945 1873 decore
966 1809 1096 1895 private
1117 1810 1174 1893 sit,
1198 1808 1253 1875 do-

149 1906 279 1974 lendum
301 1907 432 1991 amicis,
461 1908 518 1995 qui
539 1908 773 1975 amicissimum
793 1909 857 1976 sibi
878 1910 1041 1977 hominem
1059 1910 1254 2001 desiderent,

135 2009 322 2078 'dolendum
354 2011 466 2093 rrxori,
497 2009 628 2093 liberis,
663 2011 720 2098 qui
752 2032 792 2077 eo
821 2011 928 2081 orbati
964 2012 1176 2096 desolentur,¹
1197 2014 1253 2099 qui

147 2114 223 2199 ipsis
244 2113 301 2179 vel
321 2114 430 2178 meriti
450 2112 505 2179 vel
525 2113 670 2200 parentis
688 2135 801 2179 curam
815 2136 1022 2202 amoremque
1042 2116 1252 2202 praestiterit.
1296 2171 1307 2194 ,

230 2216 364 2282 Etenim
390 2238 464 2281 cunr
497 2214 665 2301 lugemus,
693 2223 806 2283 nostra
834 2216 905 2283 sola
938 2238 1054 2283 caussa
1086 2217 1251 2303 lugemus:
1375 2276 1377 2279 .
1495 2294 1496 2309 χ

147 2318 253 2407 Ipsius
277 2320 409 2407 quidem
430 2340 547 2385 caussa
568 2319 657 2407 quod
681 2319 852 2405 lugeamus
874 2318 956 2385 nihil
978 2327 1036 2385 est.
1081 2318 1159 2404 Ille,
1189 2342 1253 2409 quo

148 2444 276 2489 omnem
296 2421 522 2510 philosophiae
543 2423 612 2488 vim
633 2423 792 2489 contineri
813 2422 1046 2510 sapientissimi
1060 2422 1122 2489 viri
1137 2422 1252 2489 docue·
1299 2444 1302 2449 ·

145 2536 235 2610 runt,
254 2534 391 2593 mortem
410 2527 447 2591 in
468 2527 555 2593 omui
576 2526 646 2598 vita
665 2524 920 2610 meditaturam,
942 2524 1000 2591 illc
1012 2546 1086 2591 eum
1105 2534 1252 2593 constan·
1291 2571 1296 2589 ι
1350 2558 1361 2573 =

145 2637 194 2695 ter
210 2628 314 2696 animi
332 2630 383 2695 sui
402 2651 534 2698 sensum
557 2627 753 2713 declaravit,
773 2637 811 2694 nt
831 2650 968 2716 quorum
988 2627 1253 2715 philosophorum

145 2732 267 2819 placita
281 2732 554 2819 juvenistscripto
576 2732 757 2800 illustrarat
763 2781 772 2815 ,
795 2731 1092 2799 eorumexcelsam
1111 2740 1253 2799 mentem

144 2835 286 2917 moriens
325 2836 508 2922 exprimere
546 2834 724 2902 videretur.
780 2835 834 2901 Ita
868 2836 955 2901 enim
987 2832 1251 2921 philosophorum

144 2937 297 3025 idemque
324 2938 556 3025 imperatorum
577 2959 723 3004 summus
742 2937 945 3005 Antoninus:
975 2935 1143 3006 discedere
1164 2936 1211 3003 sic
1233 2954 1251 3005 e

145 3040 214 3105 vita
235 3060 397 3130 quemque
419 3039 556 3125 debers,
584 3049 621 3105 ut
639 3062 661 3106 a
681 3060 780 3107 scena
802 3040 1009 3122 histrionem,
1035 3040 1091 3127 qui
1111 3037 1251 3105 necdum

144 3142 304 3212 absolutis
330 3144 474 3231 quinque
497 3142 640 3227 actibus,
667 3166 689 3208 a
711 3150 861 3229 praetore
883 3150 992 3212 minen
1012 3140 1181 3209 discedere
1197 3140 1250 3227 ju·
1321 3202 1323 3209 .

144 3245 274 3329 beatur,
296 3248 449 3333 quoniam
471 3246 700 3315 dissolvendae
713 3244 845 3311 fabulae
863 3243 1033 3314 arbitrium
1052 3266 1153 3332 penes
1174 3264 1250 3309 eun·

144 3349 218 3415 dem
236 3350 294 3433 sit,
313 3349 373 3436 qui
394 3348 542 3435 ejusdem
560 3349 638 3415 olim
655 3347 899 3436 componendae
922 3356 1035 3415 auctor
1053 3346 1200 3434 luerit*).

227 3450 428 3543 „lleque**)
452 3472 531 3519 vero
558 3452 724 3536 histrioni,
756 3459 793 3516 ut
819 3450 962 3538 placeat,
988 3449 1177 3537 peragenda
1201 3458 1252 3517 est

144 3554 273 3637 labala,
302 3553 414 3636 modo,
440 3555 476 3619 in
497 3576 691 3643 quocunque
710 3553 810 3621 fuerit
830 3562 921 3637 actu,
944 3542 1116 3641 probetur:
1144 3574 1251 3641 neque

143 3657 286 3745 sapienti
315 3677 420 3743 usque
447 3656 491 3723 ad
521 3662 662 3726 Plaudite
693 3656 913 3724 vivendum.“
964 3656 1066 3744 Atqui
1094 3657 1168 3743 quis
1196 3655 1272 3723 vel.

143 3758 253 3847 paullo
273 3758 446 3825 humanior
465 3760 606 3844 nesciat,
636 3782 734 3849 qnam
759 3759 817 3825 ille
844 3767 1008 3846 tamquam
1029 3759 1181 3845 egregius
1203 3756 1250 3823 hi-

143 3866 222 3931 strio
238 3864 371 3949 egregie
390 3871 500 3950 partes
522 3885 600 3930 suas
615 3865 729 3950 egerit,
750 3862 943 3952 qualemque
964 3859 1251 3947 intelligentissimi
1356 3943 1358 3949 ,

143 3976 176 4033 et
196 3965 420 4048 honestissimi
446 3966 605 4053 cujusque
630 3988 759 4053 semper
782 3966 933 4053 plausum
955 3964 1121 4030 meruerit.
1165 3961 1250 4045 Quo·

144 4071 233 4137 circa
252 4068 334 4136 haec
355 4068 427 4153 ipsa
447 4067 632 4135 scribentur
650 4090 716 4135 non
730 4078 797 4133 tam
814 4067 1026 4156 praedicandi
1046 4068 1110 4133 viri
1124 4086 1249 4149 caussa,

143 4174 199 4263 qui
218 4172 341 4238 nomini
360 4192 427 4237 non
446 4170 669 4259 praedicatum,
691 4192 789 4259 quam
805 4171 1012 4259 significandi
1027 4169 1127 4236 animi
1148 4168 1251 4235 ncstri

212 4398 240 4467 *l
258 4399 364 4456 Mssfssi
383 4398 549 4460 Antonini
570 4357 709 4465 Imperat.v
720 4398 755 4449 de
771 4398 852 4449 rebus
871 4398 927 4449 suis
945 4396 1021 4449 Libr.
1038 4394 1102 4449 XII.
1121 4400 1148 4460 β.
1165 4396 1208 4449 36.
1239 4424 1244 4431 -

211 4484 255 4552 l³⁸)
276 4484 457 4537 Ciceronis
475 4485 545 4537 Cato
564 4485 631 4551 maj.
651 4487 719 4551 Cup.
738 4483 781 4537 19.

193 4591 309 4636 euna.
331 4560 451 4635 ornsoJ
584 4607 597 4628 .-
1005 4563 1045 4624 10
