3167 5192
325 470 387 544 m
417 566 421 576 ι

324 643 448 712 mun
483 642 774 734 -relctudinemque
814 645 1000 712 necessaria
1041 643 1278 714 ex‘ntimcntur.
1337 645 1437 713 Unde

326 746 440 814 murbc
463 746 657 835 implicitus,
677 768 775 835 quem
794 745 866 834 ipse
886 747 922 812 in
944 746 1001 812 ille
1023 745 1107 814 libre
1127 746 1319 838 descripsit,
1335 770 1437 834 aegre

325 858 476 936 pervetus
501 849 589 916 lente
613 847 791 914 consuluit.
834 848 875 916 ln
899 871 965 937 quc
994 856 1044 914 est
1071 869 1150 914 sane
1171 851 1260 936 quod
1279 852 1439 916 miremur

325 950 434 1040 uirum
456 951 632 1038 juvenem,
659 951 716 1038 qui
741 972 816 1016 cum
836 950 925 1032 demi
946 951 1050 1017 otiose
1071 972 1169 1037 agere
1189 954 1334 1039 potuerit
1356 975 1438 1018 usus

324 1053 376 1120 rei
395 1051 569 1118 familiaris
589 1051 783 1137 commodis,
800 1075 865 1141 pro
887 1053 1072 1120 huminibus
1090 1054 1227 1118 scientia
1244 1077 1305 1120 sua
1313 1056 1437 1142 juvan-

326 1153 380 1224 tlit
397 1155 613 1243 ippius-vitac
629 1152 809 1225 discrimen
830 1156 921 1222 adire
937 1178 1009 1238 nen
1029 1158 1240 1222 recusaverit.

409 1257 525 1345 Neque
544 1277 625 1322 vero
647 1255 783 1322 defuere
804 1257 836 1322 ei
856 1259 970 1324 virtuti
992 1281 1052 1324 sua
1071 1261 1226 1346 praemia.
1270 1259 1373 1342 Nam,
1401 1267 1439 1322 ut

324 1367 450 1427 ccterce
472 1360 634 1443 emittam,
658 1357 820 1444 singulari
840 1359 876 1424 in
897 1381 971 1438 eum
988 1359 1219 1428 benevolentia
1235 1359 1298 1424 fuit
1316 1357 1437 1424 Cethe·

324 1463 408 1546 niue,
431 1463 488 1550 qni
507 1470 586 1526 tunc
606 1461 771 1526 universis
793 1460 865 1547 ejus
884 1463 1046 1528 exercitus
1061 1462 1436 1548 nosocomiispraeerat

298 1635 302 1642 ,
324 1561 401 1644 Qui·
417 1563 506 1628 idem
527 1563 694 1649 effecerat,
725 1571 762 1628 ut
783 1567 972 1646 Bctdinpere
990 1564 1105 1630 liceret
1125 1563 1341 1652 Vitebergam
1361 1584 1437 1627 con-

324 1665 441 1732 cedere
466 1663 577 1752 ibique
604 1664 787 1730 medicinae
818 1667 986 1732 doctorum
1013 1667 1133 1733 scholis
1162 1668 1332 1738 interesse.
1382 1664 1437 1729 Ibi

323 1789 398 1834 cnm
413 1767 683 1856 praeceptoribus
703 1767 772 1832 suis
793 1766 943 1834 omnibus
970 1770 1159 1834 carissimus
1182 1776 1286 1852 esset,
1310 1765 1437 1832 nemini

322 1878 433 1958 tumen
448 1869 524 1955 init
552 1871 674 1954 carior,
707 1890 806 1958 quam
832 1863 991 1954 Tullum,
1024 1874 1081 1959 qui
1108 1871 1179 1958 ejus
1210 1869 1435 1935 familiaritate

322 1992 419 2055 ems,
445 1991 510 2060 que
531 1960 672 2039 eundem
693 1972 827 2039 summis
850 1973 1129 2038 necessitudinum
1148 1973 1272 2041 caussis
1294 1971 1360 2036 sibi
1377 1971 1434 2034 ad·

316 2075 492 2162 jungeret,
525 2075 628 2142 filiam
660 2076 691 2140 ci
722 2095 816 2140 suam
842 2074 878 2138 in
903 2077 1144 2142 matrimonium
1173 2075 1251 2140 dare
1280 2073 1433 2138 instituit.

323 2175 430 2257 Quum
451 2185 561 2242 tamen
579 2177 802 2242 conditionem
826 2175 882 2240 ille
903 2188 1112 2266 aspernatus,
1138 2177 1237 2242 aliem
1258 2173 1434 2263 quaesivit.

321 2277 407 2343 Num
434 2300 508 2345 curn
533 2277 635 2346 officii
663 2299 782 2344 caussa
802 2277 987 2364 Tergaviae
1013 2289 1140 2366 ageret,
1168 2279 1254 2344 vidit
1273 2277 1320 2342 ibi
1342 2299 1433 2363 egre·

321 2383 410 2466 giam
437 2381 600 2466 virginem
620 2388 800 2448 chttccm
822 2387 1027 2462 Frr'dericcm
1053 2381 1276 2470 quaererem,
1300 2378 1433 2444 scholae
1487 2437 1488 2440 ,

199 2483 207 2510 l
321 2481 471 2548 Rceterir
494 2485 638 2570 eqnjugi,
659 2507 678 2548 e
696 2484 871 2572 puerperio
891 2483 1067 2550 decubanti
1088 2482 1304 2548 ministrabat.
1328 2480 1432 2568 Cujus

213 2648 218 2661 ,
321 2593 363 2650 et.
381 2586 537 2672 pietatem
565 2586 685 2652 Noster
712 2587 850 2652 miratus
877 2595 943 2670 est,
975 2607 1041 2674 qua
1068 2585 1183 2652 eudem
1209 2584 1293 2650 hanc
1319 2605 1433 2650 curam

320 2686 456 2774 agebat,
482 2696 515 2752 et
539 2709 619 2753 vere
640 2686 742 2752 multe
768 2690 874 2774 magis
895 2688 982 2754 bona
1003 2688 1143 2774 ingenii,
1175 2708 1259 2774 quae
1280 2684 1434 2770 diligenti

320 2788 410 2856 cultu
434 2798 532 2854 encta
558 2789 721 2855 eruditum
740 2813 900 2879 quemque
923 2791 1087 2857 deserent.
1132 2791 1204 2873 Quo
1225 2789 1351 2854 iactum
1373 2797 1432 2868 est,

319 2891 440 2958 ut'sibi
459 2891 576 2978 heatus
597 2892 774 2977 videretur,
797 2893 827 2958 si
847 2894 951 2980 ipsum
973 2894 1103 2966 summae
1123 2894 1212 2961 vitae
1233 2893 1358 2958 seciam
1375 2891 1431 2958 ha·
1486 2975 1487 2980 ἵ

318 2996 426 3079 beret,
457 3016 653 3084 quamquam
678 3018 788 3060 rerum
815 2995 922 3061 eidem
946 2995 1018 3062 iere
1038 2995 1125 3080 ⁴nihil
1152 3005 1247 3060 esset.
1297 2994 1432 3060 Etenim
1486 2981 1487 2997 ¹

221 3087 226 3094 ’
318 3099 434 3165 orbata
452 3108 547 3188 petre
569 3103 728 3183 Gctbmrio,
748 3097 1000 3184 Longesclissae
1024 3099 1067 3164 ud
1088 3099 1204 3176 sedem
1220 3097 1253 3163 S.
1265 3097 1432 3162 Bcnisacii

319 3202 484 3290 quondam
500 3202 660 3284 ministre,
675 3200 799 3267 ibidem
817 3202 958 3266 tenuiter
970 3201 1090 3287 agebat
1103 3223 1177 3266 cum
1193 3208 1297 3264 matre
1315 3199 1429 3266 vidua.

335 3342 338 3348 ·
389 3305 497 3371 .Illiue
523 3314 636 3370 tamen
659 3304 729 3368 veti
755 3325 823 3368 nen
842 3304 934 3390 prius
954 3301 1061 3369 factus
1083 3310 1298 3392 compescet,
1330 3323 1429 3390 quam
1485 3293 1486 3298 ἵ

318 3407 406 3473 bello
427 3394 535 3491 finite,
561 3428 635 3470 cum
662 3405 867 3470 fortunarum
890 3427 1020 3470 suarum
1042 3406 1153 3472 sedem
1174 3404 1430 3490 Longoralissac
1485 3407 1486 3428 ¹

318 3508 521 3594 ccllcemet.
561 3507 628 3572 lbi.
648 3516 802 3596 coeperat
829 3506 906 3573 inde
935 3506 977 3572 ab
1003 3527 1089 3572 enne
1120 3510 1200 3572 1764
1230 3507 1428 3572 medicinam

317 3610 428 3675 faeere
449 3628 487 3675 ec
506 3629 672 3694 successu,
692 3619 730 3675 ut
750 3611 816 3697 ipe'i
835 3609 968 3676 biennio
987 3619 1063 3698 post
1082 3609 1234 3698 publicae
1255 3609 1427 3676 sulubrite-

316 3715 362 3787 tie
387 3733 466 3777 cura
490 3713 525 3776 in
555 3734 595 3775 eu
613 3711 696 3779 urbe
716 3733 863 3798 agroque
883 3711 1143 3777 demandaretur.
1189 3711 1345 3777 Ceterum
1366 3711 1426 3780 sub

317 3815 405 3882 idem
423 3823 562 3900 tempus
584 3818 791 3895 Batdinperuc
816 3815 975 3904 quasdam
1002 3813 1103 3880 subiit
1129 3813 1279 3880 fortunae
1299 3815 1426 3882 vicissi-

315 3919 458 3984 tudines.
501 3916 650 4002 Namque
673 3927 792 4001 meter,
818 3917 972 3984 defuncte
992 3925 1101 4003 petre,
1122 3917 1240 3982 iterum
1260 3927 1426 4007 nupserat,

239 4071 245 4084 ,
316 4022 376 4088 ced
389 4020 582 4097 indelicitcr.
626 4018 723 4084 Unde
740 4019 835 4086 brevi
855 4040 1004 4086 moerere
1021 4019 1171 4086 absumta
1194 4041 1268 4084 eum
1286 4042 1332 4085 ex
1352 4020 1426 4106 lege

315 4123 470 4192 lreredem
495 4121 600 4188 lilium
624 4123 825 4209 scripsisset,
855 4123 927 4207 illc,
952 4122 1079 4210 judicic
1099 4124 1252 4190 vitricum
1271 4123 1426 4211 persequi
1483 4183 1484 4188 ,

224 4245 232 4319 j
316 4231 458 4309 macrus,-
477 4223 599 4291 dintius
618 4225 782 4314 pendente
802 4225 869 4310 lite,
891 4234 959 4292 tote
980 4246 1085 4312 pecus
1104 4224 1299 4312 patrimonio
1314 4225 1424 4311 prive-
1483 4241 1484 4291 i

188 4375 193 4387 ,
314 4333 369 4393 tus
388 4336 448 4400 est.
490 4325 598 4408 Qoem
616 4327 763 4397 dolerem
783 4327 872 4392 idern
895 4327 1049 4396 facillime
1071 4328 1161 4411 vicit,
1184 4345 1258 4392 enm
1278 4326 1425 4413 conjug-ii
1478 4341 1481 4356 ·

316 4424 502 4516 dedcediqe,
529 4439 601 4496 trun
622 4429 806 4515 literarum,
833 4428 1004 4516 inquibus
1025 4438 1113 4498 tetus
1134 4438 1221 4514 erat,
1249 4429 1425 4518 praecipue
