3167 5192
325 479 385 570 ,100

326 649 513 721 Nosoccmii
535 647 676 736 denique
701 670 742 716 ea
768 651 982 738 praestantia,
1013 673 1098 739 qnae
1125 661 1283 739 argueret
1306 653 1453 720 munifi-

326 753 466 822 centiam
489 752 596 838 regis,
624 752 815 840 copiamque
835 751 960 819 faceret
985 754 1144 841 cujusque
1163 756 1297 840 generis
1324 776 1453 841 aegro

325 867 442 924 torum.
487 853 551 920 Tot
568 855 740 942 ‚ensisque
770 843 952 921 studiorum
978 857 1153 944 praesidiis
1176 857 1341 944 quomodo
1363 861 1453 922 Bal-

327 965 470 1040 ds‘nyerus
491 977 570 1023 usus
593 956 645 1038 sit,
668 955 845 1044 loquuntur
864 956 998 1024 annales
1016 959 1211 1042 academici,
1232 967 1453 1046 testaturque

327 1059 561 1148 discipulorum
592 1057 886 1124 eruditissimorum
917 1062 1051 1148 egregia
1081 1061 1209 1129 cohors.
1258 1062 1316 1126 Ex
1339 1061 1452 1148 hujus

328 1164 415 1230 enim
442 1162 705 1247 collegarumque
730 1159 852 1226 scholis
879 1162 990 1228 exiere
1015 1164 1164 1248 plurimi,
1194 1164 1250 1251 qui
1268 1185 1357 1231 nunc
1382 1186 1453 1250 per

328 1262 540 1332 Germaniam
562 1262 676 1350 stipsi
697 1264 732 1328 in
751 1285 789 1328 eo
812 1283 935 1349 genere
949 1263 1114 1352 principes
1134 1263 1305 1331 habentur.
1350 1266 1451 1346 Quo-

266 1385 268 1389 ·
328 1389 400 1434 rum
427 1366 485 1454 qui
511 1365 643 1430 nomina
669 1365 795 1432 discere
813 1366 941 1453 cupiat,
968 1365 1065 1436 adem
1085 1365 1233 1432 libellum
1254 1391 1344 1452 eum,
1376 1390 1451 1454 quo
1492 1438 1493 1443 ἵ

328 1469 448 1538 Noster
478 1488 591 1538 ¹rerum
622 1487 754 1532 suarum
788 1489 859 1532 eam
889 1477 1015 1555 partem
1042 1470 1166 1554 attigit,
1202 1469 1381 1556 quaesibi
1412 1471 1451 1534 in

220 1571 225 1578 '
328 1571 444 1638 castris
466 1568 706 1656 academiisque
727 1571 884 1644 evenerit.
927 1569 1012 1656 Ejus
1032 1570 1195 1655 particula
1208 1560 1332 1659 prima,
1354 1593 1451 1658 qnae

329 1672 400 1742 sola
416 1671 523 1736 lucem
541 1669 634 1752 vidit,
659 1679 728 1734 tota
749 1670 819 1738 iere
840 1670 1023 1738 absolvitur
1041 1672 1250 1757 carminibus,
1271 1695 1357 1762 quae
1377 1675 1450 1739 dis-

329 1774 509 1862 cipulorum
523 1779 652 1858 gratum
667 1773 811 1838 animum
826 1773 1025 1860 significant,
1046 1783 1243 1862 orneturque
1258 1775 1302 1840 ad
1314 1776 1450 1857 calcem

329 1875 478 1962 catalogo
507 1895 633 1956 eornm,
662 1874 718 1960 qui
739 1895 782 1940 ex
803 1875 912 1963 Ipsius
934 1875 1110 1963 disciplina
1128 1877 1269 1964 proiecti
1290 1899 1309 1941 1
1331 1878 1449 1943 cathe-

331 1979 391 2044 dra
413 1977 531 2044 deinde
552 1975 748 2041 medicinam
772 1980 953 2042 docuerunt
973 1978 1165 2067 docentque.
1364 2064 1365 2069 ἵ

417 2079 584 2164 Ceterum,
616 2087 653 2144 ut
677 2079 766 2147 vitae
791 2079 1018 2164 Gottingensis
1050 2081 1232 2166 insigniora
1259 2081 1447 2165 sonficiam,

271 2225 277 2240 ,
330 2195 454 2258 nactus.
475 2191 525 2248 est
550 2181 612 2248 Ille
646 2183 799 2271 deinceps
831 2182 1010 2249 secundum
1036 2177 1161 2251 ordinis
1185 2184 1306 2250 medici
1331 2184 1448 2252 locum

330 2287 557 2366 vacuefactum
580 2285 727 2352 Richteri
748 2286 854 2370 obitu,
884 2286 1026 2372 itemque
1046 2287 1187 2371 primum
1207 2295 1282 2372 post
1302 2296 1448 2367 mertem

331 2389 471 2476 Vogelii.
499 2387 715 2455 =Prorectoris
742 2394 932 2455 ornamenta
961 2386 1077 2452 habuit
1103 2389 1205 2453 semel
1230 2409 1316 2454 auno
1347 2392 1446 2452 1777.

208 2559 217 2580 „
333 2493 461 2567 Cedens
475 2556 478 2564 ,
491 2512 625 2557 munere
644 2489 730 2556 dixit
753 2489 861 2572 illam,
889 2509 986 2576 quam
1007 2510 1108 2575 supra
1128 2491 1239 2576 attigi,
1260 2490 1448 2555 orationem

331 2596 367 2666 in
388 2599 539 2670 Aeetam
558 2596 726 2670 Baliarum,
747 2592 804 2678 qui
824 2613 863 2656 eo
883 2611 971 2657 anno
993 2591 1080 2657 diem
1100 2613 1193 2658 snam
1212 2592 1350 2658 obierat.

416 2693 619 2760 inclaruerat
646 2697 830 2773 Baldinyeri
858 2713 978 2760 nomen
1005 2694 1182 2780 praecipua
1208 2695 1351 2782 quadam
1376 2717 1446 2760 me-

333 2798 433 2887 dendi
461 2796 628 2863 felicitate.
679 2793 772 2876 Quae
804 2816 857 2862 res
888 2794 1028 2864 adduxit
1058 2801 1248 2865 Friderieca
1277 2804 1447 2865 secundum

331 2907 460 2978 Hessius
470 2904 703 2978 larderarium,
725 2909 762 2963 ut
784 2897 815 2965 ei
835 2895 1033 2962 valetudinis
1051 2918 1130 2964 suae
1145 2899 1281 2966 tutelam
1295 2902 1447 2967 sommis

330 3013 429 3089 teret,
460 3005 509 3070 ita
538 3011 664 3085 tamen,
695 3009 731 3064 ut
747 2996 899 3072 ,eundem
927 2998 1074 3067 carolini
1098 2998 1280 3069 Oassellani
1301 3002 1447 3070 alumnis

292 3129 295 3141 =
333 3108 482 3182 docmina
507 3104 663 3192 prodesse
693 3103 807 3188 reique
833 3101 980 3166 medicae
1003 3123 1063 3188 per
1080 3104 1270 3188 universam
1286 3104 1447 3170 Hassiam

331 3230 484 3298 praeesse
499 3205 642 3294 juberet.
686 3204 846 3290 Gottinga
869 3203 1090 3272 discedentem
1109 3205 1153 3293 (a.
1172 3209 1267 3290 1782)
1289 3206 1447 3294 discipuli

333 3298 483 3412 omnibns
504 3306 623 3385 officiis
642 3314 717 3372 sunt
733 3307 910 3393 prosecuti,
927 3315 964 3373 ut
985 3299 1041 3395 qui
1057 3309 1156 3377 etiam
1172 3309 1309 3378 solemni
1322 3330 1447 3396 pompa

335 3412 497 3488 cassellas
529 3410 737 3486 deducerent.
782 3409 897 3495 Neque
922 3410 1027 3478 minor
1056 3412 1092 3474 in
1123 3412 1263 3477 eundem
1292 3413 1447 3499 apparuit

334 3515 495 3601 Prineipis
516 3513 604 3580 illius
626 3510 865 3594 benevolentia,
884 3513 938 3577 cui
958 3511 1024 3597 ille,
1046 3515 1154 3600 quoad
1174 3536 1234 3601 per
1251 3513 1321 3578 fata
1341 3513 1446 3594 licuit,

262 3611 265 3627 '
334 3614 540 3690 utilissimam
564 3636 692 3702 semper
715 3634 847 3700 operam
866 3615 1044 3699 praestitit:
1081 3625 1184 3682 morte
1198 3615 1325 3682 ‘deinde
1346 3615 1445 3683 rebus

334 3717 525 3792 mortalibus
547 3726 656 3804 erepto
676 3718 730 3804 pie
750 3717 945 3804 parentavit.
1278 3712 1280 3720 '

420 3819 573 3886 Ceterum
600 3842 638 3885 eo
663 3821 751 3886 vitae
779 3818 885 3905 gradu
912 3820 1107 3886 constitutus
1134 3826 1289 3906 expertus
1317 3828 1386 3904 est,
1418 3820 1447 3884 si

335 3925 407 4012 quis
435 3922 535 4005 alius,
568 3930 737 4008 utramque
763 3922 937 3988 fortunam.
986 3921 1071 3988 Nam
1100 3922 1130 3988 si
1156 3921 1259 3986 officii
1283 3923 1446 3988 rationem

334 4033 507 4113 spectares,
529 4022 754 4100 felicissimum
773 4024 912 4090 diceres.
934 4023 1092 4089 Faciebat
1106 4024 1194 4088 enim
1207 4031 1444 4111 artemmagno

336 4147 498 4211 semesam,
517 4126 758 4195 commendatus
782 4129 916 4194 summis
934 4127 1054 4194 infimis
1069 4126 1152 4189 mira
1165 4124 1271 4201 morbi
1285 4127 1444 4214 cujusque

333 4230 552 4318 perspiciendi
572 4225 739 4292 celeritate
761 4227 1011 4318 depellendique
1028 4226 1187 4292 facilitate
1202 4226 1299 4313 plane
1321 4228 1445 4310 divina,

334 4333 421 4399 unde
445 4332 560 4414 fiebat,
592 4339 628 4398 ut
656 4329 759 4416 ipsius
783 4331 898 4401 domus
928 4331 1148 4397 celebraretur
1175 4329 1466 4417 frequentissimo

334 4434 570 4508 consulentium
598 4431 652 4506 ‚vel
677 4432 797 4498 civium
817 4431 872 4499 vel
894 4441 1080 4500 exterorum
1101 4453 1290 4526 cengressu
1334 4431 1440 4496 Disci-
