3167 5192
304 489 368 560 222

142 637 148 648 ⁶
213 711 219 720 .
303 662 449 752 muter
476 661 581 745 diota,
610 683 696 750 quae
723 661 856 750 quidem
877 663 913 730 in
938 683 1051 732 eorum
1070 665 1190 736 animia
1209 665 1344 741 aeule0s
1358 687 1423 734 ,re-

211 801 214 808 ·
303 765 498 853 linquerent.
543 765 617 846 Qua
639 767 674 832 in
694 787 731 832 re
750 765 981 854 frequentabat
1003 766 1132 838 Halleri
1153 769 1236 837 civis
1258 769 1324 837 Tui
1343 788 1423 837 ear-

303 869 410 952 mina,
443 889 540 956 quem
568 871 681 956 quanti
712 869 846 952 feeerit,
876 880 1069 956 argumento
1101 879 1155 942 est
1180 874 1328 959 parentis
1347 873 1421 940 Tui

302 973 372 1036 vita
390 993 410 1036 a
430 972 559 1058 Bangio
583 973 779 1059 conscripta.
825 975 871 1040 Ut
890 973 1068 1062 plurimum
1086 983 1196 1042 nmen
1215 976 1307 1044 dieta
1325 984 1422 1041 vete-

167 1073 173 1080 ’
301 1097 384 1143 mus.
428 1073 510 1140 Mihi
538 1075 670 1163 quidem
689 1077 830 1144 eundem
851 1076 968 1142 erebro
986 1077 1139 1144 dictitare
1158 1078 1293 1144 memini
1311 1078 1420 1147 illud:

189 1209 192 1218 ·
301 1186 333 1244 ia
353 1185 436 1244 tenui
454 1183 555 1254 lobon·
574 1177 747 1246 Leouardo
770 1177 935 1246 Orensero
955 1201 1029 1247 meo
1050 1180 1134 1249 illnd
1154 1179 1312 1249 Buconis:
1335 1186 1421 1246 Pus-

301 1285 436 1362 lusopbia
457 1287 559 1346 lenter
572 1291 693 1360 amenta
712 1303 734 1346 o
747 1285 812 1348 Deo
832 1286 969 1348 mount.-
986 1289 1106 1363 penitus
1119 1296 1267 1364 peram
1283 1288 1330 1350 ad
1344 1305 1419 1353 mm

301 1389 428 1450 mount.

387 1487 437 1552 Ae
458 1486 610 1574 quoniam
633 1485 838 1572 saepiuscule
861 1510 882 1551 a
900 1509 953 1552 me
972 1462 1142 1574 quaesiisti
1162 1506 1237 1556 curn
1249 1487 1291 1553 de
1312 1439 1416 1556 rebus

300 1589 422 1674 Bangii
444 1589 507 1654 Tui
537 1591 709 1671 extremis,
732 1599 802 1654 tum
822 1590 904 1676 quid
923 1612 977 1656 me
1006 1590 1051 1656 ad
1071 1590 1185 1660 literas
1210 1592 1416 1656 converterit

300 1694 398 1779 inque
417 1693 519 1756 literis
541 1691 584 1756 ad
605 1691 663 1756 has
686 1691 893 1777 potissimum
914 1701 1040 1780 partes,
1064 1692 1206 1782 'l'ibiqne
1228 1714 1414 1758 eunocum

300 1795 444 1860 mammo
463 1793 607 1882 suppetit
623 1793 685 1858 hoo
703 1791 787 1858 felix
808 1794 912 1860 otium
932 1795 1105 1862 feriarum:
1133 1795 1232 1864 hosat
1248 1796 1331 1862 mihi
1352 1796 1413 1862 ali·

301 1899 491 1988 quantisper
513 1897 561 1962 Te
583 1899 726 1962 retinere
746 1895 999 1964 confabulando.
1230 1946 1234 1957 .
1316 1949 1320 1958 .

385 2002 482 2068 Nosti
499 1999 579 2066 mihi
595 1999 777 2066 studiorum
798 2001 833 2064 iu
855 1999 960 2066 literis
980 2021 1127 2068 meorum
1144 2001 1256 2087 plures
1276 2020 1336 2088 per
1354 2023 1413 2066 an·

234 2154 237 2160 .
300 2129 360 2173 nos
383 2105 507 2174 sooium
534 2103 638 2170 fuisse
662 2101 818 2185 eundem,
848 2125 946 2190 quem
971 2104 1056 2187 dixi,
1077 2103 1287 2170 Leonardum
1308 2103 1413 2170 ersu-

299 2232 410 2276 serum
434 2208 568 2274 fratrem
597 2226 721 2286 meum,
750 2207 945 2290 cognatione
971 2205 1169 2292 patruelem,
1186 2227 1313 2290 ,amors
1335 2227 1412 2290 ger·

298 2336 440 2379 manum.
485 2310 525 2374 In
553 2309 625 2395 ejus
653 2309 785 2392 ingenio
807 2329 881 2372 oum
901 2307 1128 2396 philosophiae
1148 2310 1279 2387 ,semim
1298 2309 1412 2375 inesse

158 2413 160 2420 ’
297 2416 520 2505 perspexisset
547 2411 712 2495 Bangius,
743 2417 857 2476 auetm
887 2411 1015 2476 exstitit
1044 2411 1090 2493 oi,
1121 2419 1159 2475 ιιι
1184 2411 1248 2476 hoe
1277 2419 1411 2495 ageret,

159 2553 164 2558 ·
297 2539 435 2606 eumque
457 2537 530 2580 eum
543 2515 671 2578 naviter
683 2511 908 2599 philosophari
918 2512 1059 2578 vidisset
1071 2513 1210 2600 ejusque
1224 2515 1410 2597 argumenti
1473 2593 1476 2597 ¹

225 2642 229 2654 ¹
298 2624 455 2709 seriptum
476 2617 518 2682 ab
539 2637 577 2680 eo
597 2615 720 2680 editum
748 2614 901 2700 legisset,
923 2613 1052 2701 impulit
1073 2613 1228 2698 eundem,
1250 2623 1287 2679 ut
1306 2615 1409 2680 latine

298 2727 339 2792 de
363 2721 488 2790 Mundo
512 2720 633 2806 optimo
662 2726 946 2784 oommeutsretur.
996 2716 1082 2786 Nam
1112 2738 1186 2782 eum
1212 2718 1342 2803 ipsese
1365 2717 1409 2782 ad

251 2865 252 2874 ι
297 2821 559 2900 Leibnituiunam
580 2823 740 2902 rationem
761 2820 962 2903 inclinasset,
979 2817 1112 2886 volebat
1124 2817 1210 2888 hano
1226 2821 1408 2904 numeriam,

297 2939 409 3019 utpote
428 2925 618 3016 primariam
624 2924 796 3011 ,penitius
817 2923 962 3006 traotari.
997 2921 1083 2988 Earn
1103 2915 1408 2991 amanuensem

300 3035 482 3100 &euzoius
502 3050 568 3094 non
589 3028 717 3093 suasori
741 3025 861 3109 solum,
889 3045 1005 3090 verum
1025 3023 1100 3090 aliis
1120 3045 1256 3110 quoque·
1270 3025 1408 3094 erudiu‘s

295 3133 535 3224 comprobavit,
558 3139 738 3216 naotttsque
759 3136 875 3214 postea
893 3125 1115 3194 ωιιιθᾶιιιιιι
1105 3132 1141 3190 ni
1161 3126 1345 3197 mammis
1350 3147 1408 3196 no·

296 3249 365 3305 stra
384 3236 492 3325 petris
513 3235 690 3299 etiamnum
711 3229 951 3316 philosophiam
973 3249 1047 3294 eum
1051 3227 1237 3313 religionis
1258 3229 1409 3299 doctrina

188 3367 193 3388 =
297 3340 509 3438 saluberrime
531 3335 712 3422 conjungit
758 3333 942 3419 Utrumque
959 3351 1038 3396 vero
1044 3378 1054 3414 ,
1074 3329 1212 3417 quoad
1202 3333 1266 3418 rpsi
1288 3339 1409 3418 vegeta

234 3442 245 3452 '
296 3445 375 3511 satis
397 3449 546 3507 senectus
570 3439 701 3521 esset,'
692 3459 727 3500 m
747 3437 888 3502 leotione
908 3442 1055 3500 veterum
1078 3431 1241 3497 retinebat
1262 3455 1408 3500 avuncu-

208 3535 216 3546 '
296 3547 384 3629 lus,
392 3563 466 3610 oum
489 3549 681 3628 argstmenta
703 3539 834 3604 ederet
830 3534 1062 3622 diseeptandi,
1091 3542 1128 3598 ut
1147 3533 1235 3604 alter
1260 3544 1409 3622 peneum,

296 3655 410 3716 sonna
433 3646 555 3712 diceret
575 3643 674 3726 alter,
701 3643 772 3728 ipso
796 3640 950 3706 audiente
971 3637 1225 3725 moderanteque
1252 3645 1287 3704 et
1310 3640 1408 3707 easti-

296 3754 395 3840 gaute
419 3746 568 3835 inprimis
595 3746 775 3811 orationem
804 3742 956 3824 latinam,
981 3741 1074 3828 eujus
1089 3739 1290 3827 judicandae
1306 3763 1407 3828 quam

293 3861 414 3924 termes
436 3871 532 3916 aures
554 3847 713 3930 habuerit,
733 3867 830 3912 nemo
844 3845 982 3931 'l'eipso
1002 3844 1108 3928 magis
1120 3851 1229 3931 potest
1236 3905 1239 3909 ,
1240 3842 1407 3933 judicare.

295 3955 455 4021 Dedimus
477 3953 574 4017 stiam
592 3947 730 4016 subinde
754 3971 815 4016 nos
835 3948 878 4014 ad
898 3946 1156 4035 soripoundum.
1200 3945 1291 4027 Qus
1303 3947 1406 4039 ¹aehe-

295 4054 354 4123 dss
373 4057 416 4122 ab
434 4057 506 4142 ipso
524 4061 688 4118 eorneetns
703 4051 1014 4138 hodiequeasservo
1033 4050 1068 4116 in
1085 4049 1231 4132 seriniitu
1251 4049 1290 4116 in
1309 4047 1405 4119 libris

292 4162 371 4232 item
392 4155 576 4244 exemplum
604 4153 750 4220 Platonis
777 4153 1055 4218 Franoofurtense
1077 4152 1201 4217 formae
1228 4150 1407 4232 maximae,

290 4285 358 4351 quo
378 4263 451 4349 ipse,
471 4267 521 4326 est
538 4279 616 4337 usus
638 4256 788 4348 quodqup
812 4263 1001 4344 annotatum
1021 4254 1120 4320 habet
1142 4275 1205 4344 quo
1230 4253 1286 4335 die
1306 4274 1402 4338 quem

294 4364 498 4449 dialogorum
520 4361 647 4447 legerit.
693 4359 764 4444 Sio,
786 4366 823 4432 ut
840 4358 903 4426 hoo
920 4367 1004 4443 utar,
1025 4358 1183 4444 seriptum
1205 4363 1255 4437 est
1279 4354 1324 4425 ad
1344 4354 1400 4423 Al-

292 4467 454 4534 cibiadem
475 4467 632 4553 priorem:
654 4463 763 4550 „Legi
776 4464 840 4540 die
857 4464 913 4540 26,
933 4462 1079 4547 Augusti
1103 4462 1195 4527 1782.
1203 4464 1226 4515 l‘
1253 4459 1299 4527 od
1318 4457 1398 4526 alte
