3167 5192
1186 513 1245 578 lot
1328 573 1335 586 ,

219 675 325 763 Cujus
346 678 395 744 r'ei
419 677 544 745 Motus
570 679 725 766 provenit
743 676 800 742 ille
820 677 919 766 liber,
949 701 1047 771 quom
1073 685 1112 746 de
1130 687 1247 748 σᾱιιιιιζι
1314 750 1318 760 ,

139 784 345 860 Philosophiae
365 781 542 868 inscripsit,
564 802 628 869 quo
651 781 756 845 omnis
777 775 926 868 ejusldem
945 783 1090 850 historia
1103 782 1246 870 explica-

137 890 195 944 tur.
240 881 338 962 Quod
370 904 468 970 opus,
502 882 775 970 quemadmodum
805 885 877 972 ipse
909 887 944 951 in
971 888 1088 953 eodem
1112 885 1246 952 laudum
1385 953 1389 972 ,

139 1003 267 1049 suarum
298 985 500 1053 domicilium
530 983 719 1068 collocavit,
744 987 792 1050 ita
817 1009 960 1054 summes
982 989 1097 1059 laudes
1116 990 1244 1074 meruit,

138 1087 212 1152 sive·
224 1087 395 1153 doctrinae
411 1087 616 1172 diligentiam
629 1096 806 1174 spectares,
828 1111 895 1178 qua
908 1093 1029 1180 quique
1052 1091 1117 1156 loci
1137 1113 1156 1155 e
1177 1093 1245 1159 suis

138 1187 279 1255 lontibus
308 1197 514 1277 repetuntur,
539 1189 611 1256 sive
633 1189 861 1276 explicationis
883 1191 1005 1277 lucem,
1033 1215 1097 1282 qua
1119 1193 1245 1265 ehsnu-
1277 1249 1281 1264 .
1342 1274 1346 1278 ,

139 1291 263 1359 sissima
291 1301 324 1356 et
349 1292 602 1380 impeditissima
627 1292 769 1380 plurima
789 1293 1009 1382 expediuntur
1029 1305 1063 1360 et
1084 1296 1129 1362 ad
1149 1295 1244 1384 liqui-

138 1393 209 1458 dum
238 1393 439 1483 planumque
465 1393 697 1481 perducuntur.
742 1395 838 1461 Grati
865 1399 1041 1485 praecipue
1062 1409 1245 1485 agnuscant

137 1493 335 1583 philosophi,
356 1496 623 1584 admirenturque
642 1517 718 1589 eum
738 1497 872 1584 legendi
894 1499 1135 1590 colligendiqne
1155 1502 1245 1569 lebo-

138 1617 215 1681 rom,
246 1600 305 1684 qui
330 1621 374 1663 ne
396 1597 671 1664 scholasticorum
690 1599 823 1687 quidem
841 1599 1041 1687 barbariem,
1068 1605 1176 1669 terrea
1198 1605 1244 1670 di-

139 1699 239 1764 ctione
266 1700 595 1788 „disputationumque
619 1700 723 1788 spinis
748 1701 949 1788 horrentem,
979 1705 1153 1791 refugerit,
1185 1707 1245 1775 sed

139 1801 176 1866 ad
194 1825 269 1866 eam
299 1802 498 1871 obstruam
520 1803 591 1868 fere
622 1809 721 1870 antea
746 1804 974 1894 philosophiae
1000 1815 1126 1888 partem
1150 1811 1246 1875 ,viem
1375 1833 1379 1839 ·

139 1907 307 1990 aperuerit,
326 1905 547 1992 docueritque,
565 1927 663 1993 quam
683 1906 788 1972 multa
808 1907 914 1974 bonae
931 1907 1036 1995 frugis
1055 1908 1245 1996 plenissima

139 2003 273 2073 laterent
304 2009 340 2074 in
360 2006 427 2072 illis
454 2007 615 2072 incomtae
642 2008 869 2098 philosophiae
897 2011 1058 2078 sordibus.
1103 2012 1143 2076 in
1170 2035 1244 2078 eum

139 2107 252 2185 librum
273 2131 316 2175 ne
335 2109 432 2197 plura
452 2108 569 2194 dicam,
590 2110 716 2177 iaciunt
734 2113 848 2199 optimi
866 2113 984 2180 harum
995 2135 1103 2179 rerum
1112 2115 1244 2200 judices

139 2210 315 2289 doctissimi
341 2213 525 2297 duumviri,
553 2214 609 2300 qui
628 2221 744 2299 postea
763 2214 853 2280 haud
873 2215 1032 2282 mediocri
1051 2237 1127 2280 cum
1146 2213 1243 2280 laude
1287 2255 1292 2268 ι

139 2315 271 2382 eandem
291 2315 462 2382 historiam
482 2315 642 2402 aggressi,
663 2336 747 2402 quae
766 2317 832 2403 ipsi
857 2315 1243 2400 Tiedemomtedeherent,

139 2416 276 2503 ingenue
296 2417 441 2505 proferri
466 2418 593 2504 sunt*).
644 2417 806 2484 Ceterum·
826 2421 862 2486 in
890 2420 947 2486 illo
975 2441 1074 2508 opere
1090 2420 1133 2484 ei
1160 2441 1244 2505 quae

139 2528 219 2584 recte
252 2521 361 2586 notari
383 2519 554 2605 videntur,
582 2520 654 2606 ejus
680 2523 731 2586 rei
758 2522 859 2610 culpa
882 2525 1058 2620 praecipua
1083 2521 1244 2609 fueritin

139 2621 211 2708 ipsis
230 2621 419 2688 uberrimae
439 2625 596 2689 materiae
615 2624 731 2710 copiis,
752 2625 871 2713 quibus
890 2625 1029 2708 ιιιίιιιιιι,
1046 2623 1139 2690 velut
1157 2624 1245 2692 mule
1383 2671 1385 2677 ι

139 2723 283 2809 obrutus,
294 2726 425 2812 saepius
439 2725 494 2792 vel
510 2725 716 2812 disponendi.
721 2728 917 2814 elegantiam
932 2727 987 2794 vel
1002 2727 1099 2793 limae
1112 2728 1245 2816 utilique
1304 2793 1307 2800 o

140 2846 244 2893 curam
263 2827 458 2913 negligeret

215 2930 295 2995 «Iam
328 2951 408 2997 veru
439 2951 504 3018 quo
534 2931 658 2997 mutius
686 2933 786 2999 iile
775 2955 812 2998 ιιι
839 2953 878 2998 ea
902 2932 1040 2997 historie.
1064 2931 1244 3021 habitabat,

140 3053 263 3122 quoqne
289 3033 431 3120 penitius
460 3034 569 3098 animo
597 3036 873 3124 compleaebatur
892 3034 1119 3122 philosophiae
1137 3036 1244 3122 cujus

140 3156 197 3221 que
218 3137 338 3206 aetatis
360 3137 606 3202 vicissitudines
624 3146 821 3227 nostraeque
832 3137 1047 3232 potissimum
1062 3136 1244 3204 subitarias

140 3240 381 3305 conversiones:
418 3261 458 3306 eo
484 3241 589 3359 magis
615 3261 696 3308 ιιιι
706 3240 887 3329 recipiebat
908 3241 951 3306 ad
971 3262 1086 3307 eorum
1104 3239 1244 3328 philosee
1358 3325 1364 3334 Ι

140 3340 273 3425 phorum
298 3343 472 3427 rationem,
505 3344 577 3431 qui,
606 3348 695 3433 quia
691 3344 788 3409 nulli
818 3353 925 3409 certae
948 3353 1056 3413 sectae
1074 3365 1243 3430 sequaces,

98 3436 99 3447 ’
141 3463 157 3506 ι
180 3445 336 3532 smgnlrs,
363 3468 446 3533 quae
475 3446 540 3512 sibi
559 3454 707 3529 teneant,
732 3446 874 3532 eligunt,
902 3445 1243 3511 Ecleetieidiovmhnr.
1349 3519 1352 3526 ,

142 3546 253 3612 Aetate
274 3549 459 3635 provectior
479 3548 621 3614 libenter
636 3569 716 3634 prae
732 3569 769 3612 ιι
787 3547 915 3614 ferebat
929 3547 1011 3613 illud
1026 3546 1244 3636 Socneh‘cumr

141 3647 171 3712 id
189 3670 292 3714 unum
318 3673 354 3716 ιι
374 3652 474 3735 scire,
505 3673 540 3716 se
561 3649 645 3715 nihil
664 3651 764 3734 scire,
790 3651 896 3736 magis
924 3651 968 3713 in
981 3650 1051 3715 dies
1070 3652 1245 3739 ¹magisque

142 3749 290 3817 diflidens
309 3753 544 3842 philosophiae,
567 3762 728 3840 quatenus
752 3773 792 3817 ιι
808 3752 871 3816 hoc
890 3751 954 3817 sibi
972 3761 1124 3838 sumeret,
1145 3763 1182 3818 ut
1201 3756 1245 3820 dc

98 3870 99 3875 ’
140 3873 244 3921 ιιιιιιιι
270 3853 484 3924 humanorum
510 3856 761 3944 divinarumque
790 3856 935 3920 omnium
965 3877 1093 3922 summa
1106 3855 1245 3922 demum
1356 3916 1360 3928 ,

142 3959 269 4025 mando
290 3958 490 4061 decerneret.

206 4214 373 4285 *)vid.r
340 4217 406 4286 prae
374 4223 449 4270 aerte
471 4217 706 4272 Buhliilibrum
714 4217 811 4282 ,nTe
792 4233 887 4268 nmne
862 4235 934 4270 mna
916 4209 1190 4270 nn'iPreafotimem
1209 4200 1244 4268 ad

145 4313 226 4354 suam:
258 4305 309 4355 Ges
309 4305 402 4356 chichte
426 4307 473 4355 der·
494 4296 653 4368 philosophie
681 4305 776 4370 Leiap
802 4307 878 4358 1798.
914 4309 1009 4358 Errete
1030 4300 1244 4371 Βιιιικῑὰρςθζ

145 4387 197 4450 oue
197 4383 521 4445 mvirumdoc'tisn’mum
536 4391 704 4457 qnanti'Pie
689 4392 780 4442 emde
754 4407 849 4443 mann
855 4393 980 4444 usfacer
981 4397 1017 4457 et,
1036 4397 1135 4442 norunt
1146 4391 1244 4452 utrius·
1351 4457 1358 4463 .

143 4489 190 4538 qne
176 4475 364 4531 elamiliares.
1021 4559 1037 4597 *

973 4565 984 4623 l
996 4565 1009 4622 l
