3167 5192
1183 469 1243 547 1⁷5⁴&

142 669 204 713 non
224 647 349 732 unns
371 629 620 734 ses-·ntrnurgr
641 645 760 712 renue
780 655 968 733 rosunum·
989 637 1248 770 synemena:

140 771 210 815 rum
231 751 367 838 peperit,
392 767 474 839 quae
494 768 582 815 nunc
604 752 798 816 tommano
817 750 907 815 obitu
921 698 1101 816 relictam
1116 752 1248 818 somniis

139 846 296 936 latebunt,
316 854 381 918 nisi
371 853 546 919 inventus
564 851 671 937 merit,
693 849 749 939 qui
767 852 858 996 operi
873 852 916 917 ad
929 853 1128 996 praescriptus
1144 853 1244 948 linea·

135 962 249 1020 'menta
271 955 434 1021 succedat.

220 1055 263 1119 In
289 1054 351 1120 hac
376 1056 535 1122 librorum
564 1055 764 1121 abundantia
789 1054 1064 1142 consiliorumque
1086 1055 1250 1122 felicitate,

104 1179 110 1188 ’
140 1179 212 1223 ecce
233 1158 418 1224 redduntur
433 1158 551 1244 juveni
567 1157 686 1223 literae·
701 1157 803 1245 patris
822 1157 932 1244 ipsum
951 1158 987 1222 in
999 1157 1248 1244 patriamrerov'
1279 1239 1283 1244 1

92 1272 93 1275 ’
140 1261 255 1325 cantis.
298 1260 373 1326 Jam
399 1267 513 1346 sponte
539 1259 754 1345 intelligebat·
767 1249 1131 1346 Ttedemonnus,'qualis
1143 1246 1249 1323 'ultus

139 1361 249 1428 vultus
271 1361 399 1427 futurus
425 1370 520 1444 esset,
545 1359 604 1425 ubi
624 1363 652 1426 is
674 1369 856 1448 cognosset,
880 1381 976 1448 quam
996 1352 1111 1448 perum
1130 1349 1248 1424 lecerit
1367 1435 1371 1443 ¹
1493 1365 1495 1380 “

139 1463 223 1528 iilius
248 1486 385 1551 quarum
406 1480 516 1526 rerum
536 1481 652 1528 caussa
673 1465 709 1533 in
722 1463 901 1528 Academia
922 1462 1060 1549 amplius
1077 1451 1243 1528 biennium

140 1567 319 1651 exegisset,
349 1558 510 1652 quamque
541 1560 623 1627 illud
651 1563 848 1652 neglexerit,
882 1585 945 1652 quo
977 1565 1060 1628 vitae
1079 1557 1243 1627 ¹subsidiis

138 1667 343 1755 prospicitur.
373 1657 466 1728 'Huc
493 1663 684 1749 accedebat,
717 1666 806 1753 quod
839 1667 867 1732 si
894 1667 1045 1732 maxime
1065 1673 1157 1752 pater
1185 1683 1245 1728 sex

138 1789 265 1833 menses
289 1766 459 1855 explendis
481 1765 598 1831 studiis
620 1759 850 1853 concessisset,
876 1759 995 1833 Noster
1014 1777 1092 1832 urnc
1112 1763 1248 1854 quidem

139 1869 269 1956 quidvis
286 1869 410 1956 potius,
440 1889 537 1955 quam
558 1887 579 1931 a
598 1867 805 1956 philosophia
826 1891 861 1936 se
883 1869 1028 1935 abstrahi
1048 1861 1247 1955 patiebatur.¹
1317 1912 1319 1918 s

218 1971 263 2036 In
289 1970 341 2034 his
367 1969 577 2034 consiliorum
604 1971 763 2056 angustiis
790 1973 951 2036 succurrit
974 1969 1127 2059 Eyringii
1154 1966 1244 2032 beni

137 2073 297 2156 volentia,
326 2071 491 2137 offerentis
522 2092 695 2158 puerorum
723 2072 884 2140 nobilium
910 2071 1181 2160 instituendorum
1208 2070 1245 2132 in
1369 2079 1373 2084 ·

137 2176 278 2240 Livonia
298 2173 511 2261 provinciam.
557 2172 631 2254 Qua
651 2174 837 2240 conditione
859 2175 955 2240 avide
978 2181 1115 2260 arrepta,
1142 2150 1244 2238 Tiede·

137 2299 265 2342 manum
292 2277 339 2340 ita
349 2275 518 2361 ›Gottinga
543 2275 695 2341 discessit
722 2276 851 2364 (1769),
884 2284 922 2341 ut
941 2275 1114 2340 multarum
1133 2291 1247 2338 rerum

137 2402 192 2466 per
209 2377 446 2459 rusticationis,
467 2383 524 2440 aut
544 2375 643 2461 aliud,
664 2378 752 2465 quod
774 2387 919 2466 speraret
940 2377 1049 2462 otium,
1069 2375 1243 2442 conficien-

137 2482 252 2567 darum
279 2480 439 2544 rationem
464 2478 573 2543 mimo
586 2488 789 2567 ‘conceptam
819 2475 1078 2569 descriptamque
1104 2485 1247 2565 gereret:

137 2585 305 2666 Ceterum,
337 2601 411 2645 cum
436 2588 568 2644 netum
589 2581 720 2668 quidem
737 2581 798 2648 ulli
819 2581 1084 2672 philosophorum
1104 2581 1246 2669 principi·

136 2687 287 2754 addictus
308 2679 403 2767 essm,
426 2679 536 2748 minen
556 2683 594 2747 in'
611 2684 760 2770 plurimis
782 2685 940 2752 Leibnitii
961 2684 1137 2772 Wolflique
1159 2685 1245 2752 ratio
1379 2729 1383 2738 ι

135 2791 284 2876 proxime
302 2785 345 2851 ad
365 2787 539 2851 veritatem
560 2787 716 2851 ace'edere
735 2787 918 2854 videbatur.
1033 2808 1036 2818 ·
1135 2812 1137 2822 ⁴

216 2893 266 2958 Aa
290 2911 370 2955 vero
393 2911 493 2976 quum
513 2887 582 2953 illic
603 2889 803 2976 aliquamdiu
825 2890 961 2974 egisset,
992 2889 1105 2955 dolens
1126 2888 1244 2954 intelli*-

135 2995 240 3080 gebat,
263 3013 362 3080 quam
383 2990 456 3074 sibi,
477 2991 665 3057 erudiendis
686 2996 797 3080 pueris
819 2993 1078 3079 occupatissimo,
1099 2991 1244 3080 perirent

134 3097 238 3162 bonae
269 3095 384 3178 horae,
420 3115 500 3182 quas
539 3095 607 3159 suis
639 3096 710 3182 ipse
742 3092 1007 3159 meditationibus
1037 3093 1245 3173 destinasset,¹

135 3199 296 3288 qualeque
326 3197 409 3262 illud
441 3207 545 3281 esset,
579 3197 698 3262 abduci
727 3221 746 3262 e
773 3197 847 3262 lues
875 3195 1080 3262 Germaniae·
1096 3191 1243 3278 urbeque
1320 3261 1327 3270 ,

134 3302 301 3368 literarum
319 3300 422 3386 copiis
434 3308 540 3386 atque
560 3299 790 3366 eruditissimis
812 3297 997 3363 hominibus
1019 3294 1183 3376 affluenti,
1201 3313 1244 3357 ac·
1329 3356 1331 3362 .

132 3406 222 3471 velut
249 3402 385 3468 exulare
414 3403 448 3465 in
473 3401 660 3489 longinquis
688 3397 799 3468 terris'
815 3409 912 3488 atque
940 3402 974 3464 in
1002 3418 1114 3466 earum
1132 3416 1243 3462 rerum

134 3509 277 3573 omnium
296 3507 442 3592 penuria,
465 3499 614 3593 quibus
604 3526 675 3591 rpse
695 3506 836 3570 maxime
858 3502 1029 3588 indigeret
1069 3499 1241 3568 Periclem

133 3620 260 3698 tempus
282 3608 407 3690 resciit,
432 3606 643 3672 Meinersium
666 3627 760 3671 suum
782 3607 936 3692 adeptum
958 3620 1033 3672 esse
1048 3602 1240 3686 &eitingen

134 3734 200 3778 sem
225 3710 426 3776 cathedram.
691 3755 694 3758 -

213 3813 331 3896 Qua
321 3835 356 3876 ιιι
387 3833 423 3874 re
458 3817 575 3898 quotus
603 3810 745 3898 quisque
768 3817 832 3893 est,
865 3809 943 3897 quin
970 3807 1119 3872 lomense
1142 3803 1239 3869 male

133 3916 311 3982 volentiam
326 3935 484 3978 accusans
505 3934 577 3977 sese
596 3911 753 3977 afflixerit
767 3910 959 3998 consiliique
976 3931 1025 3974 sur
1015 3905 1240 3994 'exsequendi

133 4041 222 4106 spem
252 4016 424 4113 abjeceriti
462 4014 524 4080 Ille
549 4035 627 4115 vero
649 4016 780 4100 egregie
802 4035 860 4080 suo
881 4011 1031 4098 exemplo
1050 4007 1239 4088 declaravit,
1333 4022 1342 4040 t

133 4127 194 4208 quo
220 4120 401 4208 pertineret
425 4117 505 4185 ·:hcc
536 4117 609 4202 „sui
631 4117 748 4204 cuique
768 4137 875 4183 mores
896 4115 1024 4201 fingunt
1045 4111 1241 4189 fortunam,“

133 4242 287 4310 cumque
284 4221 372 4286 nihil
390 4229 447 4286 aut
461 4234 638 4320 perpurum
651 4227 747 4304 esset,
724 4218 852 4284 tunde
867 4239 939 4284 sese
954 4214 1129 4290 sustentari
1141 4231 1240 4298 posse

133 4333 294 4411 speraret,
323 4313 432 4389 tamen
448 4314 642 4408 Gottingam
670 4269 778 4388 redire
799 4321 910 4411 ibique
933 4319 1112 4386 studiorum
1134 4313 1240 4402 spatia

132 4426 248 4492 iterum
265 4426 440 4493 decurrere
460 4426 636 4494 conemur.
675 4424 737 4490 Cui
757 4423 807 4492 rei
828 4420 1054 4515 exsequendae
1075 4415 1240 4505 praesidia
