3167 5192
293 468 297 479 ’
332 509 394 576 rat

331 678 473 766 lamque
496 698 538 744 11
562 678 599 747 iu
618 675 691 745 loco
711 678 907 762 constitutus
929 677 1120 763 videbatur,
1145 675 1181 744 in
1201 700 1264 768 quo
1286 678 1330 744 ad
1351 701 1448 746 sunm

334 780 490 845 historiae
519 779 663 844 studium
685 769 859 868 proficeret
884 800 982 870 qnam
1011 782 1067 870 qni
1091 783 1247 851 maxime.
1297 779 1448 866 Namque

333 888 578 974 copiosissimae
610 879 829 951 bibliothecae
854 883 1126 956 Schwicheldtiae
1156 882 1340 968 catalogum
1372 902 1448 945 con-

334 986 429 1072 iecit,
451 989 588 1076 ejusque
607 983 716 1070 gentis
735 982 850 1050 literas
870 985 1047 1074 disposuit,
1066 986 1251 1072 comeripto
1273 985 1373 1050 etiam
1397 1006 1449 1048 co·

334 1089 408 1156 dice
430 1087 653 1177 diplomatico,
681 1086 739 1174 qui
758 1085 1053 1159 octo·voluminnm
1072 1110 1189 1176 corpus
1210 1086 1448 1174 complectitur,

276 1214 278 1219 ·
333 1191 430 1257 stab
451 1191 567 1258 eodem
587 1177 809 1255 illustrissimo
829 1191 916 1276 viro,
944 1191 1139 1280 simulatque
1164 1191 1193 1256 is
1216 1190 1287 1277 ejus
1309 1209 1449 1275 cognos-

247 1356 251 1375 ,
334 1300 386 1358 set
412 1301 446 1358 et
469 1293 571 1358 animi
597 1291 773 1359 candorem
800 1300 833 1358 et
857 1293 983 1379 ingenii
1003 1293 1231 1362 dexteritatem
1252 1291 1293 1358 iis
1316 1311 1448 1378 quoque

332 1394 432 1462 rebus
452 1395 603 1462 admotus
622 1403 682 1479 est,
702 1415 786 1484 quae
803 1394 849 1462 ad
860 1395 1103 1483 rempublicam,
1121 1405 1200 1462 tune
1211 1393 1345 1483 qnidam
1356 1392 1447 1458 bello

332 1496 555 1565 moestarum
575 1517 768 1565 concussam
786 1499 998 1586 pertinerent.
1028 1497 1249 1565 Meminerant
1264 1493 1447 1562 familiares

334 1601 464 1687 saepius
492 1621 566 1667 eum
584 1621 742 1684 1111111,
774 1600 897 1668 laabim
921 1623 995 1668 esse
1023 1599 1199 1689 aliquando
1223 1597 1333 1669 atilli
1362 1598 1448 1682 viro,

334 1703 539 1788 negotiorum
558 1701 645 1771 11111
663 1701 790 1785 obruto,
817 1725 885 1770 non
903 1713 1037 1770 vacaret
1057 1701 1292 1772 conscribendo
1316 1699 1448 1764 cuidam

332 1807 574 1890 commentario,
597 1807 654 1895 qui
672 1806 836 1891 gravioris
858 1809 1041 1896 argumenti
1059 1809 1211 1874 continue
1234 1804 1277 1870 ad
1297 1802 1447 1870 foedera

331 1915 439 1978 tantm
467 1911 670 1976 exercituum
698 1929 860 1976 sommum
882 1907 998 1975 ducem
1017 1909 1297 1994 Brunsvigeusem
1316 1907 1447 1974 mitten·

283 2072 285 2083 .
333 2010 394 2080 das
422 2019 520 2076 esset.
563 2010 679 2100 Itaque
707 2009 774 2078 sibi
801 2010 1030 2078 demandatum
1054 2033 1127 2078 esse
1153 2009 1215 2076 hoc
1246 2010 1371 2097 operis,
1409 2029 1447 2072 ea

330 2121 427 2208 nocto
448 2111 694 2197 conficiendum,
717 2134 801 2200 quae
821 2112 863 2181 ab
883 2113 1039 2202 hocipso
1064 2112 1118 2178 die
1135 2113 1286 2200 proxima
1305 2119 1389 2178 erat.

416 2215 529 2297 Quid?
563 2234 725 2287 summam
742 2215 836 2282 illum
856 2221 1101 2294 Marathesium,
1134 2216 1195 2302 qui·
1217 2224 1297 2302 tunc
1320 2211 1444 2304 Sebui-

330 2318 465 2385 cheldtii
494 2317 631 2405 Collega
658 2319 823 2404 Georgica
842 2321 1013 2406 Augustae
1042 2339 1120 2384 suae
1141 2317 1262 2408 ubique
1283 2325 1445 2384 terramm

331 2431 522 2490 ornamenta
545 2421 773 2508 conquirebat,
800 2445 896 2490 nsum
914 2421 1018 2490 inisse
1040 2420 1216 2510 aliquando
1239 2422 1311 2509 ejus
1332 2441 1444 2508 opera,

330 2524 403 2612 ipso
424 2523 544 2590 Nostro
566 2533 720 2593 narrante
739 2525 902 2592 novimus.
933 2522 1160 2606 Quaerebatur
1180 2532 1255 2612 post
1271 2523 1446 2590 Meshernii

331 2624 456 2692 obitum
490 2626 690 2692 Academiae
728 2625 963 2692 Cancellarins.
1029 2625 1092 2692 Oui
1124 2625 1255 2720 quidem
1291 2625 1446 2714 dignitati

299 2769 307 2779 -
331 2729 482 2813 tuendae,
503 2751 578 2796 cnm
592 2728 812 2797 Munchhusio
827 2728 1000 2796 Ernestins
1013 2728 1198 2817 Lipsiensis
1217 2731 1362 2796 maxime
1378 2729 1445 2795 ido-

331 2851 413 2900 neus
439 2831 624 2916 videretur,
643 2832 758 2919 jussus
780 2841 831 2902 est
851 2833 970 2910 Noster
992 2835 1156 2921 expiscari
1176 2832 1375 2917 abeodem,
1402 2854 1446 2896 au

331 2932 416 3003 forte
434 2933 626 3022 Gottingam
647 2935 858 3022 concederet,
879 2935 939 3002 sed
958 2938 1063 3006 caruit
1082 2945 1191 3008 tantm
1213 2957 1252 3002 ea
1269 2957 1323 3002 res
1341 2936 1443 3004 exitu.

330 3039 441 3127 Atque
461 3039 497 3102 in
524 3037 640 3105 horum
666 3039 819 3110 virerum,
838 3037 1066 3124 contubernio,
1098 3046 1253 3128 quaeest
1274 3059 1353 3104 rara
1375 3059 1444 3104 eru·

331 3142 473 3208 ditorum
500 3141 647 3225 senuna,
676 3149 870 3210 consecutus
897 3151 946 3210 est
969 3162 1044 3210 eum
1069 3165 1179 3225 rernm
1198 3161 1310 3226 nsum,
1332 3142 1392 3230 qui
1409 3142 1444 3206 in

330 3242 485 3312 bistonco
503 3243 636 3332 plurimi
652 3250 685 3311 et
699 3242 869 3314 faciendus
892 3254 951 3330 est,
972 3254 1005 3312 et
1025 3265 1097 3312 esse
1118 3244 1206 3332 apud
1225 3247 1380 3332 antiques
1390 3244 1443 3332 ju·

331 3343 459 3413 dicatus
478 3355 555 3414 est.¹
1232 3405 1236 3414 .

417 3446 570 3517 Ceterum
596 3450 633 3516 in
666 3448 725 3516 illa
743 3448 1094 3534 Hannoverana'vita,
1126 3451 1155 3516 si
1182 3449 1264 3537 quid
1277 3450 1343 3516 otii
1366 3471 1443 3516 oon·

329 3548 487 3634 tingeret,
515 3550 598 3620 illud
623 3551 780 3639 legendo,
809 3553 1057 3622 commentando
1080 3551 1329 3641 scribendisque
1348 3551 1444 3620 libris
1488 3555 1489 3574 ¹

210 3698 213 3703 ,
330 3651 549 3738 impendebat.
593 3653 633 3719 In
658 3654 777 3744 quibus
805 3665 881 3722 sunt
902 3665 972 3723 tum
998 3657 1159 3746 quaedam
1185 3657 1346 3740 carmina,
1379 3677 1443 3743 qna

331 3751 374 3821 de
388 3776 427 3820 re
446 3754 535 3822 inira
555 3756 717 3842 dicemus,
744 3766 814 3825 tum
835 3781 913 3826 rere
932 3761 1107 3848 praecipue
1128 3760 1293 3828 meantis
1311 3765 1443 3828 Pereo

329 3857 508 3924 vernacula
527 3859 768 3947 interpretatio,
795 3883 895 3950 quae,
912 3861 1081 3950 adjunctis
1104 3865 1228 3952 aliquot
1247 3870 1443 3929 commenta·

329 3960 485 4045 tionibus,
504 3983 589 4028 anno
610 3979 823 4031 clotocctnn.
846 3966 977 4054 prodiit.
1021 3964 1130 4052 Hujus
1151 3966 1283 4054 quidem
1313 3963 1442 4030 consilii

329 4063 476 4146 lricssesse
495 4066 602 4153 potnit
618 4087 712 4150 usus,
740 4076 776 4132 ut
800 4071 855 4158 qni
877 4078 954 4134 tnnc
971 4067 1126 4154 temporis
1147 4065 1295 4132 certatim
1319 4065 1362 4130 ad
1387 4086 1441 4130 ve·

328 4174 436 4237 terum
454 4169 735 4257 recentiorumque
761 4180 947 4257 poematum
969 4177 1072 4236 artem
1092 4167 1299 4254 indolemque
1322 4165 1443 4254 dijudi-

235 4269 239 4276 ’
330 4271 468 4338 caudam
493 4293 566 4338 sese
585 4272 709 4355 darent,
732 4295 838 4360 neque
853 4281 962 4342 tamen
978 4272 1104 4340 Graece
1120 4270 1199 4339 satis
1216 4269 1304 4340 docti
1321 4277 1439 4352 essent,

330 4383 466 4459 possent
478 4374 550 4460 jam
562 4375 699 4440 certiori
714 4375 842 4460 judicio
863 4376 1048 4461 perspicere
1074 4373 1154 4461 qnid
1173 4371 1223 4440 illi
1243 4387 1369 4441 summo
1390 4393 1439 4439 ar-

330 4475 412 4545 tium
426 4478 653 4562 magistroet
671 4475 794 4543 orbino
819 4498 842 4544 a
868 4475 1104 4547 recentioribus
1128 4475 1291 4559 afflone,
1319 4475 1440 4563 quidve
