3167 5192
1128 523 1299 587 ‘te

156 693 272 753 etur:
305 686 432 774 reliqna
465 687 616 776 enbjeeta
635 685 824 753 delicato
858 687 1014 776 explebit.
1054 689 1157 757 Viden
1177 693 1298 777 iginus

158 789 303 856 Lector
320 789 494 874 benevole,
515 795 646 856 uuum
662 790 857 860 renitentem
875 791 936 858 ned
956 795 1066 858 tumen
1079 793 1220 880 jamjam
1239 794 1295 860 de-

161 892 344 960 sidentem
373 885 602 978 (intuitorum),
631 913 728 980 quem
748 893 803 960 vir
822 891 981 960 herbetus
1002 893 1082 962 fune
1102 896 1146 962 ud
1161 895 1296 964 ‘bestiae

160 995 299 1084 pedem
330 995 469 1082 alligato
488 996 618 1060 retinet
664 993 770 1082 Supte
796 997 884 1082 tauri
904 996 1038 1064 dorsum
1058 1007 1225 1085 comperet
1240 998 1296 1084 ju-

163 1121 262 1185 gum
287 1097 465 1185 singularis
492 1097 617 1165 formae
644 1095 701 1164 vel
727 1095 820 1163 aliud
853 1100 1106 1168 instrumentum
1133 1100 1296 1171 demendo

163 1202 352 1280 idoneum:
385 1209 522 1288 etergo
551 1200 646 1267 hovie
676 1208 838 1266 aratrum·
855 1209 1000 1268 erectum
1029 1209 1062 1269 et
1090 1201 1297 1270 reclinatum.

164 1304 205 1370 A
235 1305 372 1370 einiutra
392 1303 449 1368 vir.
465 1303 549 1369 ulter
562 1303 705 1392 itemque
724 1302 884 1370 herbeim
901 1305 962 1370 sed
980 1313 1093 1371 entem
1106 1301 1224 1394 onpmo
1239 1329 1296 1395 ep·

163 1407 330 1496 plicitum
368 1413 501 1493 geatam
535 1407 659 1474 socium
675 1407 801 1494 operis
835 1406 994 1493 adjuvare
1031 1409 1164 1476 ridetur
1197 1409 1295 1476 velle.
1391 1485 1394 1490 ,
1495 1444 1501 1455 ·

165 1510 330 1599 Uterque
351 1517 462 1576 autem
487 1508 596 1575 nudus
627 1517 659 1575 et
688 1509 805 1574 hehitu
832 1509 1054 1578 obscoeniore.
1097 1511 1296 1601 Universum

169 1635 316 1680 euenum
337 1611 486 1678 emhiunt
505 1611 683 1678 ramunculi
703 1611 815 1678 huonis
836 1613 1116 1700 appendentibus..
1223 1649 1227 1655 ·

266 1719 319 1782 Ae
341 1715 483 1804 primm
511 1715 539 1779 ei
567 1715 643 1804 quia
664 1715 752 1780 hune
772 1706 905 1780 thurum
924 1737 985 1804 pro
1006 1715 1169 1805 Dionysio
1190 1723 1296 1801 temo,
1412 1789 1415 1796 ,

170 1821 216 1888 id
238 1828 305 1903 eet,
333 1841 387 1904 eo,
411 1840 507 1907 quem
534 1839 608 1883 cum
630 1819 733 1884 altero
758 1817 910 1884 Bacchus
939 1841 982 1885 ex
1003 1819 1102 1885 India
1120 1819 1297 1886 advexieee

172 1923 368 2006 ferebatur,
394 1922 543 2009 accipere
565 1923 674 1988 molit:
692 1922 797 1988 nostri
818 1921 946 1987 veecnli
965 1923 1095 2010 pictura
1114 1921 1200 1988 nihil
1220 1941 1297 1990 eon-

171 2025 288 2095 simile
304 2023 405 2090 hebet
423 2024 500 2090 aliie
507 2025 646 2105 tabulis,
666 2047 751 2114 quae
766 2035 897 2090 taurum
907 2022 1106 2088 Buoohioum
1124 2024 1296 2109 sistunt*).

173 2129 396 2198 Deinde'neo
421 2128 463 2194 de
488 2127 694 2194 llerethonio
722 2137 818 2193 tauro
844 2125 1057 2211 cogitandum
1083 2127 1156 2191 e'aae
1182 2136 1296 2214 putem

174 2257 200 2300 a
220 2233 351 2298 'l'hceeo
375 2231 521 2298 enbecto.
564 2229 649 2297 Nem
668 2229 852 2296 Atticorum
870 2227 1003 2293 iehuloe
1022 2228 1099 2294 huic
1117 2222 1224 2317 patrio
1238 2229 1297 2296 he«

174 2337 231 2404 roi
259 2336 346 2401 hanc
378 2335 551 2400 victorium
578 2334 655 2418 eoli,
680 2331 771 2398 nullo
804 2331 893 2397 eocio
921 2329 1087 2413 adhibito,
1114 2331 1296 2416 vindicent,

159 2454 290 2527 'neque
310 2457 384 2502 eam
404 2435 543 2501 bestium
561 2443 668 2504 aratro
687 2435 894 2523 adjunctum,
918 2434 977 2500 eed
996 2434 1174 2520 eubeotcm,
1195 2436 1297 2527 Athe·

176 2544 233 2608 nie
259 2538 392 2628 publice
422 2545 633 2622 ostentatum,
662 2539 805 2626 denique
825 2536 973 2625 Apollini
992 2537 1155 2626 Delphico
1183 2541 1296 2606 immo·

179 2645 285 2712 latam
304 2641 518 2730 produnt*·).
567 2641 660 2723 Quae
682 2663 757 2708 cum
778 2642 827 2706 ite
847 2641 928 2724 eint,
951 2641 1063 2708 Hirtio
1085 2643 1126 2708 V.
1149 2640 1201 2708 Ol
1220 2642 1296 2710 hec·

178 2756 279 2813 tenue
302 2742 572 2830 suffragabimur,
593 2753 630 2812 ut
651 2745 718 2810 et
709 2745 774 2832 1pei
795 2744 831 2808 in
851 2742 987 2810 voeoulo
1008 2743 1192 2814 Erbecenei
1209 2746 1296 2814 Her

179 2849 291 2918 culem
317 2846 405 2912 teuri
428 2847 620 2914 domitorem
647 2867 876 2934 agnoscemus.
920 2846 992 2912 Iam
1022 2870 1102 2914 vero
1123 2848 1295 2965 videamus

178 2952 325 3041 primum
345 2949 386 3014 de
412 2947 549 3038 reliquie
577 2950 785 3038 antiquarum
808 2949 926 3015 ortium
954 2951 1189 3071 monumentis,
1211 2973 1308 3053 quae,

180 3051 326 3122 eundem
345 3048 499 3120 Herculio
531 3051 678 3122 laborem
705 3047 896 3137 exhibent;
901 3076 947 3138 ao
968 3055 1138 3142 quoniam
1131 3053 1178 3120 in
1196 3075 1295 3130 enno

255 3281 283 3350 *)
300 3283 343 3334 De
365 3281 452 3332 truria
481 3225 624 3334 Beeohloie
650 3281 707 3334 rid.
726 3279 867 3333 Plutarch.
890 3277 924 3329 de
941 3277 1008 3331 leid.
1025 3280 1060 3328 et
1078 3275 1180 3330 Oairid.
1198 3293 1226 3345 p.
1244 3278 1296 3332 362

182 3375 218 3426 Β.
237 3387 266 3438 p.
284 3369 346 3423 484.
365 3369 507 3436 Wytteuh.
524 3373 553 3421 et
570 3369 607 3422 ci.
625 3367 777 3437 Mytholog.
797 3369 884 3419 nostr.
902 3366 956 3418 111.
971 3382 999 3433 p.
1015 3365 1075 3419 131.
1094 3363 1186 3417 etIV.
1203 3381 1231 3433 p.
1245 3365 1297 3419 180

184 3475 247 3528 sqq.
268 3459 312 3511 ed.
331 3457 410 3509 alter.

256 3545 301 3613 “l
327 3543 468 3612 Plutarchi
490 3543 574 3597 Theo.
599 3557 660 3609 cup.
676 3539 751 3594 XIV.
771 3557 799 3608 p.
818 3539 862 3594 80.
882 3541 924 3594 ed.
944 3537 1075 3608 leopold
1092 3537 1171 3606 cuju·
1184 3544 1300 3592 anneto·

184 3636 226 3686 tio
250 3632 418 3686 consulenda
438 3633 558 3699 itemque
581 3631 663 3698 Caep.
684 3629 791 3682 Barthii
814 3629 1044 3682 animadvere.1n
1063 3627 1147 3680 Statii
1162 3627 1297 3682 Thehuid.

184 3723 221 3776 V.
245 3721 307 3774 481.
350 3719 542 3788 Agriculturae
564 3723 656 3770 temen
680 3717 830 3784 primordia
850 3734 868 3768 a
893 3717 993 3770 Thesei
1016 3717 1098 3768 rebue
1114 3714 1189 3766 hund
1207 3715 1299 3766 aliena

186 3826 249 3863 eeee
263 3807 355 3876 arguit
367 3807 436 3876 alter
452 3807 529 3859 loeus
548 3804 671 3871 ejusdem
688 3805 830 3857 Plutarchi
843 3805 926 3857 Theo.
945 3821 1006 3872 cap.
1018 3805 1129 3868 XXIV.,
1147 3801 1195 3855 uhi
1213 3802 1299 3855 refert

187 3897 310 3951 fabulum
329 3895 363 3947 de
380 3896 459 3947 boris
479 3895 598 3962 imagine
620 3893 718 3961 prieoie
736 3891 903 3944 Athenarum
928 3893 1017 3944 eumin
1039 3891 1141 3944 Tleeei
1159 3889 1242 3957 jueeu
1259 3891 1299 3942 in-

187 3985 310 4053 sculpta,
332 3983 377 4034 vel
400 3986 512 4049 propter
528 3981 729 4034 Marathonium
747 3975 856 4033 taurum
878 3979 923 4032 vel
940 3985 1052 4048 propter
1067 3981 1169 4032 Minois
1185 3976 1300 4046 inperess

187 4081 275 4126 torem
293 4073 414 4124 Taurum
431 4068 477 4136 (de
493 4078 546 4136 quo
560 4069 616 4121 vid.
626 4069 898 4136 Phllochori-Fragg.
915 4085 942 4135 p.
958 4067 1002 4122 80.
1020 4071 1049 4119 et
1059 4067 1190 4120 Demonia
1208 4066 1298 4133 tregg.

187 4182 215 4232 p.
235 4164 279 4215 17.
301 4159 344 4212 ed.
363 4157 582 4226 Siehelie),'vel,
606 4157 643 4209 etl
658 4159 725 4210 duee
743 4159 780 4209 ed
792 4157 972 4224 apriculum
989 4155 1181 4218 adtortmtm
1195 4153 1243 4206 ubi
1261 4153 1298 4204 ei.

189 4247 322 4316 Leopold.
342 4261 369 4314 p.
384 4245 428 4300 01.
462 4245 540 4298 Adde
557 4245 671 4299 Echhel.
689 4245 725 4299 D.
745 4247 780 4299 N.
798 4247 833 4298 V.
849 4245 888 4298 11.
906 4261 934 4311 p.
952 4245 1013 4296 207.
1032 4241 1106 4295 etde
1125 4241 1214 4307 cupite
1224 4239 1299 4290 'l’he
1392 4271 1422 4286 .·
1454 4213 1458 4221 Ι

190 4339 230 4390 eei
250 4335 368 4403 juvenili
388 4351 449 4387 cum
473 4335 552 4386 olava
571 4338 598 4386 et
615 4329 705 4400 capite
722 4331 857 4386 bubulo
847 4349 877 4384 m
899 4331 1065 4384 Athenarum
1085 4327 1218 4394 numiep.
1237 4327 1299 4381 21⁷.

188 4427 286 4478 Iconce
303 4411 416 4476 exhibet
431 4423 554 4491 Haym
545 4439 575 4474 ιιι
593 4421 772 4539 Thestor.
751 4421 876 4479 Britann.
899 4421 959 4479 tob.
976 4419 1066 4505 ΧΨ
1086 4413 1342 4502 04081494

185 4513 256 4568 Nro.
277 4513 320 4565 11.
