3167 5192
333 500 395 565 ita

331 674 545 757 compararat.
587 666 629 731 In
658 666 787 753 graecu
815 664 935 733 scholis
968 670 1185 735 Tiederucuaue
1211 666 1273 733 hoc
1299 670 1452 735 maxime

268 798 272 805 ·
331 769 505 838 consilium
528 771 624 859 sequi
651 769 840 854 videbatur,
870 778 908 835 ut
940 770 1315 837 literarumstudioscs·
1332 772 1453 859 aliquo

331 874 535 963 antiquitatis
556 892 656 938 sensu
676 870 848 938 imbueret.
882 868 980 955 Quod
997 874 1104 960 ipsum
1124 876 1299 962 praecipue
1321 874 1452 939 emine·

318 980 387 1043 liat
409 978 445 1041 in
469 975 614 1042 Homero
644 972 854 1063 explicando,
884 996 981 1063 quem
1002 996 1077 1040 cum
1097 974 1275 1060 tractabat,
1304 977 1339 1041 in
1365 977 1454 1041 anti-

262 1150 265 1157 ,
330 1080 481 1169 qmorurn
508 1076 675 1145 hominum
692 1078 923 1165 simpliciorem
941 1078 1044 1144 vitam
1067 1077 1270 1162 digrediens,
1298 1080 1453 1165 peregri-

330 1183 479 1247 nantium
498 1179 703 1247 uenationes
723 1176 849 1245 utiliter
863 1178 1050 1245 adhibebat.
1073 1178 1317 1246 Platonicamm
1332 1180 1453 1247 lectio

329 1307 410 1350 num
430 1283 537 1371 major
559 1282 658 1346 etiam
676 1302 757 1347 usur
777 1291 866 1367 erat,
887 1292 920 1349 ct
941 1284 986 1367 is,
1014 1282 1071 1371 qui
1091 1281 1133 1348 ab
1155 1286 1452 1364 „truncatorum

329 1390 489 1475 scriptore
521 1385 706 1472 exspectari
735 1394 864 1472 posset,
896 1386 931 1449 in
958 1406 1063 1475 ecque
1088 1388 1324 1470 contineretur,
1358 1386 1452 1473 quod

328 1491 490 1578 enjurque
515 1485 640 1572 dialogi
669 1507 844 1572 summam,
874 1510 893 1554 e
915 1488 1074 1555 sermonis
1094 1490 1233 1573 circuitu
1255 1496 1290 1552 et
1309 1486 1452 1555 diverti·

331 1593 414 1659 culis
434 1590 614 1678 repetitam,
629 1588 736 1676 -inque
756 1612 934 1677 paucarum
956 1592 1192 1657 sententiarum
1209 1590 1292 1656 lines
1314 1589 1451 1657 conclu·

330 1716 402 1763 sam
423 1692 613 1781 explicaret
656 1690 713 1756 Ad
731 1692 865 1757 criticae
887 1694 1184 1785 grammaticusque
1203 1694 1450 1781 interpretatio·

330 1800 383 1863 nis
403 1797 495 1883 leger
514 1795 622 1859 minus
644 1792 818 1859 adstrictas
840 1794 983 1862 habebat
1000 1816 1055 1863 ees
1071 1796 1209 1881 scholas,
1231 1797 1320 1863 unde
1332 1795 1450 1877 tiebat,

330 1910 368 1966 ιιι
387 1901 417 1965 is
439 1898 571 1964 demum
591 1916 666 1961 cum
686 1895 838 1961 iruutn''
815 1916 858 1961 ns
877 1898 1035 1965 interesse
1054 1901 1238 1984 rideretur,
1262 1900 1319 1988 qni
1340 1899 1388 1965 ab
1408 1920 1450 1963 es

330 2000 523 2089 disciplina,
553 1996 684 2087 qualem
710 1997 929 2065 Ruhnkenius
957 2001 1050 2068 ille
1040 2024 1076 2067 ιιι
1096 2000 1231 2069 Timaeo
1259 2003 1449 2090 descripsit,

330 2105 476 2194 paratior
495 2102 539 2169 ad
556 2101 689 2167 easdem
709 2104 913 2168 accessisset

404 2206 529 2274 Sub
518 2226 627 2295 ipsum
652 2204 899 2293 lintburgensis
930 2206 1079 2273 stationis
1109 2208 1238 2273 initium
1265 2149 1450 2299 exercebat

331 2314 487 2381 noamn
510 2329 600 2377 nova
627 2307 853 2397 philosophiae
877 2308 977 2393 ratio,
1011 2331 1094 2397 quae
1127 2310 1162 2375 in
1189 2282 1371 2375 Kantiandv
1390 2306 1448 2371 illo

331 2417 416 2483 libro
444 2414 628 2503 proposita,
653 2412 799 2478 omnium
826 2420 905 2477 tuuc
925 2412 1051 2478 animos
1073 2410 1220 2499 erigebat
1241 2410 1448 2477 intendebat·

331 2538 396 2606 que
414 2516 535 2582 smdia.
578 2514 699 2580 Notum
719 2523 780 2596 est,
804 2515 875 2599 ejus
897 2514 929 2577 ci
945 2512 1131 2602 philosophi
1148 2513 1270 2603 placita
1290 2516 1383 2584 haud
1402 2516 1448 2579 ita

331 2620 511 2708 placuisse,
539 2627 578 2683 nt
601 2639 678 2683 sese
703 2617 768 2704 ipsi
795 2613 985 2701 adplicaret.
1031 2616 1104 2701 Quo
1123 2618 1158 2682 in
1177 2618 1313 2685 consilio
1336 2626 1447 2684 utrum

330 2730 421 2788 recte
442 2722 592 2804 senserit,
614 2742 657 2785 an
677 2740 790 2801 secus,
814 2718 885 2803 ejus
912 2718 1043 2805 quidem
1064 2720 1113 2785 rei
1132 2742 1234 2808 penes
1255 2720 1339 2787 alios
1357 2720 1446 2807 jndi-

332 2825 419 2891 cium
439 2833 521 2889 esto.
552 2822 640 2889 Illud
661 2822 759 2887 laude
777 2822 914 2907 dignum
931 2821 1071 2906 videtur,
1090 2823 1187 2910 quod,
1206 2844 1280 2889 cum
1302 2824 1446 2889 maxime

332 2947 406 2995 eam
425 2926 588 2992 rationem
607 2924 740 3013 pubhce
754 2927 948 3012 impugnare
963 2934 1144 3010 conaretur,
1166 2926 1446 2993 eamsenlentiem

332 3041 367 3097 et
386 3048 466 3117 prae
485 3048 522 3093 se
540 3030 633 3112 tulit,
663 3037 698 3093 et
716 3028 838 3115 scripto
855 3028 958 3099 ‚etiam
979 3026 1089 3115 aliquo
1112 3030 1334 3115 consignavit,
1363 3050 1445 3118 qnae

273 3156 277 3162 ’
332 3132 505 3220 gravitatis
538 3127 810 3219 liberalitatisque
836 3131 1027 3219 plenissima
1052 3141 1156 3216 esset,
1188 3133 1445 3221 dignissimaque

332 3233 537 3325 philosopho,
559 3232 617 3321 qui
636 3231 866 3298 molestissime
881 3234 981 3300 ferret
996 3256 1190 3324 quemquam
1205 3234 1336 3303 dicendi
1351 3234 1445 3300 liber»

332 3348 400 3407 tute
419 3359 543 3405 carere.
588 3335 735 3423 (lumque
762 3336 937 3423 aliquando
963 3344 1077 3403 contra
1102 3360 1175 3403 earn
1200 3346 1321 3403 sectam
1341 3337 1445 3404 insur-

333 3441 481 3528 gendum
496 3439 561 3506 sibi
578 3458 650 3504 esse
664 3438 870 3523 credidisset,
891 3448 1001 3505 tamen
1015 3442 1050 3505 in
1064 3440 1128 3505 hac
1139 3442 1212 3529 ipsa
1226 3459 1345 3505 caussa
1359 3436 1444 3503 iden

333 3564 408 3610 sese
421 3544 487 3610 viri
500 3542 669 3628 ingenium
680 3542 855 3627 praestitit,
878 3541 966 3629 quod
979 3542 1016 3606 in
1032 3543 1119 3609 omni
1134 3544 1212 3627 vita,
1232 3544 1268 3607 in
1283 3562 1349 3629 quo
1363 3538 1444 3605 nihil

332 3655 422 3713 emet
442 3645 570 3729 hostile,
591 3642 675 3709 nihil
695 3650 800 3728 anax,
822 3644 906 3711 nihil
925 3648 1085 3733 pertinax,
1108 3644 1168 3709 sed
1189 3644 1301 3711 mollia
1321 3644 1444 3710 ilexilia

333 3751 454 3815 omnia
497 3748 571 3830 Quo
600 3746 703 3830 circa,
731 3770 753 3811 a
772 3746 1008 3835 philosophicis
1029 3746 1125 3811 bellis
1144 3748 1384 3831 alienissimus,
1406 3766 1445 3811 ex

333 3852 532 3940 proeliorum
557 3850 704 3938 pulvere·
721 3859 754 3915 ct
781 3851 1018 3916 decertantium
1045 3850 1184 3937 strepitu
1206 3848 1348 3917 hbenter
1374 3868 1444 3915 sese

333 3953 513 4047 recipiebat
533 3952 577 4017 ad
598 3974 675 4018 suos
691 3962 829 4037 veteres,
850 3975 937 4019 nunc
951 3952 1094 4019 Zenonis
1107 3952 1269 4038 porticum
1284 3960 1444 4039 repetens,

333 4074 422 4124 nunc
442 4054 579 4145 Epicuri
599 4054 720 4139 hortos,
737 4075 824 4121 nunc
845 4039 1048 4123 Academiae
1065 4074 1202 4177 amoena
1221 4054 1337 4141 spatia,
1360 4073 1444 4120 nunc

334 4159 482 4250 Lyceum
501 4156 699 4224 Aristotelis.

420 4262 497 4328 Jam
519 4261 605 4326 enim
628 4258 730 4348 (circa
750 4282 781 4325 a.
805 4264 886 4327 1789
901 4262 986 4349 sqq.)
1007 4270 1093 4329 totus
1116 4262 1217 4329 erat
1207 4282 1243 4327 ιιι
1265 4258 1444 4353 digerenda

337 4389 376 4431 ea
393 4364 561 4454 copiarum
576 4362 793 4448 abundantia,
820 4363 988 4451 quaesibi
1009 4387 1068 4452 per
1088 4360 1276 4438 midtorhm
1286 4384 1443 4431 annorum

336 4468 513 4554 colligendi
530 4466 723 4532 industriam
741 4466 925 4531 effluxerat.
1339 4538 1358 4575 1
