3167 5192
345 520 405 588 14'6

343 691 567 780 imitandique
585 693 752 758 literarum
767 692 885 776 studii,
904 713 968 780 quo
990 694 1097 758 acrius
1120 702 1163 758 et
1170 691 1269 776 cirea,
1291 703 1343 759 et
1345 694 1382 758 si
1395 693 1445 781 qui
1492 691 1493 762 ἶ

342 795 428 860 forte
457 799 521 860 ista
548 796 658 882 legent
677 799 796 880 exteri,
830 797 1038 861 connituntur
1070 795 1111 862 ad
1133 795 1282 862 eandem
1309 797 1446 878 laudem,
1492 767 1493 890 ι

344 919 409 986 qua
424 897 594 963 florentem
617 899 818 985 singularem
839 899 946 963 virum
966 899 1051 963 sicut
1071 919 1158 963 nuno
1178 897 1380 964 admiramur
1402 921 1447 964 ae·
1492 905 1493 908 ’

344 1000 474 1088 quales,
496 1003 544 1066 ita
565 1023 694 1088 semper
714 1001 897 1067 laudabunt
921 1001 1114 1066 eruditiores
1134 1003 1267 1090 posteri.
1323 1033 1326 1040 ·
1492 1087 1493 1092 ι

357 1140 360 1146 ,
426 1103 492 1168 cm
512 1106 692 1170 narratoris
713 1105 822 1170 officio
846 1105 926 1169 satis
945 1125 998 1168 me
1018 1125 1090 1169 esse
1105 1103 1267 1170 facturum
1288 1127 1404 1192 spero,
1424 1105 1449 1167 si
1492 1109 1493 1192 ι

342 1227 409 1270 non
438 1214 506 1271 tam
534 1209 728 1296 scriptorum
756 1209 829 1295 ejus
856 1213 1082 1293 argtmentum
1118 1208 1320 1296 formamque
1351 1206 1448 1294 expli·
1492 1195 1493 1284 ι

272 1338 278 1352 ·
338 1317 436 1393 ¹caio,
467 1331 550 1396 quae
578 1333 673 1375 nemo
699 1310 826 1376 doctior
853 1311 1069 1396 ignoraverit:
1101 1331 1199 1398 quam
1222 1311 1251 1374 si
1274 1309 1448 1397 explicaro,
1492 1295 1493 1348 ι

344 1434 427 1500 quae
451 1411 545 1476 Illius
573 1421 692 1477 natura
719 1413 834 1496 fuerit,
864 1411 981 1500 quibus
1003 1411 1060 1477 ille
1082 1411 1275 1500 disciplinae
1299 1411 1449 1476 etfortu·

341 1535 406 1578 nae
426 1513 594 1578 beneficiis
616 1535 695 1579 usus
717 1537 777 1602 per
800 1537 881 1603 quos
901 1515 1023 1600 gradus
1043 1515 1086 1579 ad
1108 1537 1179 1580 eam
1195 1515 1363 1580 doctrinae
1386 1513 1448 1577 lau-

345 1617 419 1682 dem
431 1617 606 1680 accesserit
612 1617 655 1701 ⁸),
671 1637 756 1704 quae
771 1618 890 1682 deinde
908 1617 1036 1683 subacti
1050 1619 1176 1705 ingenii
1189 1617 1278 1684 bona
1291 1617 1448 1706 quomodo

248 1755 254 1779 .
341 1706 655 1784 inaliomm'usum
676 1719 864 1805 contuderit,
892 1722 948 1809 qui
969 1743 1085 1797 mores,
1098 1721 1235 1806 fuerint,
1258 1743 1343 1809 quae
1364 1722 1448 1787 vitae

239 1878 241 1895 ,
344 1823 655 1910 consuetudinisque
669 1824 770 1887 ratio.

353 1940 380 1968 ¹··
412 1923 521 2005 ··Quas
549 1947 602 1989 res
636 1947 710 1990 cum
739 1926 894 2010 legerint,
928 1927 1094 2014 scriptoris
1126 1935 1230 1992 artem
1258 1927 1449 2012 copiamque
1492 1979 1493 1982 ,

342 2026 475 2113 plurimi
496 2027 743 2093 desiderabunt:
772 2027 918 2114 collegae
939 2051 1098 2114 amorem,
1124 2028 1277 2117 discipuli
1296 2030 1449 2116 pietatem

263 2153 269 2163 ’
345 2150 440 2194 nemo
458 2130 670 2198 desiderabit
820 2169 823 2174 ·

428 2231 533 2311 Natus
553 2241 605 2296 est
619 2237 838 2298 Tiedemoanas
859 2253 945 2298 auno
960 2235 1039 2298 1748
1061 2235 1157 2298 tertio
1180 2233 1211 2298 d.
1235 2231 1361 2319 Aprilis
1376 2231 1450 2294 Bre-

344 2335 556 2421 maevordae,
592 2335 730 2401 ducatus
761 2336 949 2400 Bremensis
980 2336 1119 2423 oppido,
1152 2342 1245 2421 patre
1272 2333 1450 2415 Priderico,

347 2437 530 2520 decuuone,
553 2441 610 2524 qui
630 2439 795 2526 quondam
809 2437 1009 2524 Theologiaa
1028 2445 1193 2524 operat-us,
1215 2437 1268 2501 a'd
1273 2436 1366 2501 luris
1380 2457 1450 2522 pru-

346 2539 491 2604 dentiam
510 2541 698 2605 sassinat-
742 2540 847 2628 Oujus
868 2541 933 2605 viri
957 2548 1110 2604 accurata
1132 2538 1307 2628 disciplina
1326 2536 1450 2625 puerile

344 2643 514 2726 ingenium
540 2644 686 2708 severius
713 2643 909 2730 castigatum
937 2642 979 2708 ab
1007 2642 1191 2730 aequalium
1218 2639 1451 2707 consuetudine

259 2828 264 2838 s
346 2743 581 2841 abducebatur.
634 2746 823 2812 Accedebat
854 2747 1014 2811 hortantis
1044 2764 1129 2829 vox,
1164 2765 1229 2862 (ιιι
1259 2765 1295 2809 se
1320 2745 1396 2830 jam
1416 2763 1451 2848 eq
1492 2737 1493 2742 ’

344 2855 505 2935 tempore,
535 2836 602 2935 quo
626 2848 764 2914 aliorum
790 2869 966 2936 puerorum
997 2849 1098 2912 animi
1128 2849 1225 2932 nugis
1250 2845 1394 2933 expleri
1407 2865 1451 2910 so

345 2949 449 3034 leant,
480 2949 524 3015 ad
554 2971 747 3036 magnarum
776 2951 1051 3038 excelsas-umque
1084 2970 1193 3016 rerum
1223 2949 1493 3050 cogitationem
1492 2933 1493 2958 ι

344 3061 490 3118 erectum
509 3051 612 3120 fuisse
635 3053 756 3118 Noster
776 3053 998 3141 praedicare
990 3051 1132 3118 solebat!
1168 3053 1213 3118 liit
1232 3051 1493 3140 praedicanda

269 3204 273 3211 .
345 3156 486 3223 fortusse
506 3163 578 3220 erat
598 3155 679 3221 haec
700 3157 893 3223 instituendi
916 3158 1000 3221 rat1o
1006 3205 1015 3240 ,
1036 3156 1071 3220 in
1090 3177 1129 3222 eo
1150 3164 1238 3220 certe
1257 3175 1379 3242 puero,
1403 3175 1451 3220 cu·

342 3261 399 3346 jus
428 3258 592 3328 sollertem
617 3260 777 3344 indolem,
806 3267 934 3325 tantum
961 3258 1084 3343 abfuit,
1110 3267 1147 3323 ut
1170 3266 1383 3346 paternarum
1403 3279 1450 3321 oe
1492 3269 1493 3306 ³

347 3362 437 3426 dium
450 3359 591 3426 solitudo
608 3363 840 3448 restingueret,
855 3371 891 3428 ut
908 3363 1015 3449 potius
1038 3308 1204 3426 eiiicaoins
1224 3360 1305 3426 inde
1321 3349 1493 3446 ὤνίιιιιι

346 3474 482 3528 ιιιιιιιιι
511 3465 636 3532 semina
652 3465 804 3532 eliceret:
834 3467 931 3531 sicuti
958 3474 1062 3548 terra,
1088 3464 1283 3550 simulatque
1303 3485 1451 3550 sparsum
1492 3467 1493 3596 ι

349 3585 459 3631 semen
469 3568 594 3650 gremio
606 3589 666 3634 suo
677 3571 817 3656 excepit,
834 3569 939 3656 primo
956 3577 1162 3633 occaecatum
1179 3563 1318 3650 cohibet,
1335 3547 1493 3632 deindel
1492 3611 1493 3672 q

345 3660 544 3753 tepefactum
572 3691 697 3762 vapore
726 3678 760 3735 et
791 3690 979 3758 compressu
1009 3690 1068 3735 suo
1099 3668 1266 3757 diffundit,
1300 3677 1333 3734 et
1368 3669 1452 3735 elicit

347 3767 591 3834 herbescentem
617 3792 661 3837 ex
677 3795 727 3838 ¹eo
749 3773 964 3856 viriditatem,
990 3793 1075 3860 quae
1098 3747 1218 3837 deiude
1237 3770 1452 3836 laetissimam

338 3869 476 3956 ‘fingam
499 3871 617 3939 fundit.
666 3875 751 3941 Nam
779 3875 836 3942 ille
864 3897 938 3941 cum
965 3893 1038 3941 sese
1063 3883 1120 3940 aut
1148 3872 1253 3941 solum
1271 3881 1337 3972 ,aut
1359 3871 1453 3938 simul

347 3989 428 4039 cuin*
447 3973 548 4038 fratre
562 3977 658 4042 -intra
683 3999 739 4044 eos
767 3980 911 4065 parietas
935 3987 1080 4052 coactum
1112 3977 1267 4060 ¹uidisset,
1285 3979 1452 4065 temporis
1492 3995 1493 4064 j

347 4075 486 4142 fallendi
507 4097 624 4143 caussa
643 4079 913 4148 lectiunculamm
924 4082 1164 4170 jucunditatem
1184 4089 1317 4168 captare
1333 4081 1451 4168 coepit.
1492 4147 1493 4172 ,

347 4210 369 4236 1Ι
471 4216 475 4234 Ι
516 4220 520 4233 ¹
549 4223 557 4232 .
622 4221 625 4225 r
707 4220 710 4228 Ι

418 4320 444 4388 *)
462 4323 566 4387 Harum
587 4335 677 4371 rarum
697 4325 802 4386 partem
826 4323 944 4390 aliquam
960 4323 1211 4376 Tiademannus
1235 4321 1294 4389 ipse
1312 4321 1453 4374 adumbra-
1492 4289 1493 4368 ι

349 4409 390 4458 vit
406 4408 519 4475 rogatus
537 4423 554 4459 a
571 4398 763 4473 Striedero,
782 4423 853 4476 quas
869 4411 982 4463 schedas
1000 4410 1195 4464 inmanissime
1211 4425 1317 4463 mecum
1334 4425 1452 4465 commu·

351 4494 453 4546 uicerit
468 4495 666 4548 Waehlerus
683 4500 786 4552 noster.
1023 4509 1027 4519 '
1052 4515 1054 4522 ’
