3167 5192
318 417 359 484 24

320 581 634 670 ogenueerux.
662 581 693 662 ὅ.
720 573 1110 646 rescientiae.
1134 576 1162 642 1.
1188 573 1450 662 tattiano-

323 687 386 752 vis.
409 683 493 752 adde
521 681 810 770 Xenophontis
837 673 1044 744 Memorabil.
1073 659 1163 746 Socr.
1185 679 1232 744 ΙΙ.
1258 682 1293 781 1
1317 681 1348 744 9.
1371 676 1450 744 ubi

221 803 226 808 '
320 785 595 854 Schneiderus
618 783 703 848 bene
722 783 867 870 disputat
892 789 1006 847 contra
1030 780 1267 848 Weiskium.
1280 725 1449 847 Caete-

269 891 272 906 “
293 951 301 974 ,
319 914 391 958 rum
413 888 584 957 confusum
606 895 716 950 ποιεῖν
735 894 767 950 et
788 893 907 952 πονεῖν
924 882 1043 948 multos
1066 882 1260 971 depravavit
1280 891 1448 948 veterum

320 995 425 1076 locos,
454 988 539 1055 conl.
570 983 993 1073 Wyttenbachii,viri
1020 987 1153 1070 summi,
1177 984 1449 1082 Animadverss.

320 1096 363 1162 ad
384 1092 581 1179 Eunapium.
626 1087 732 1174 Epist.
755 1089 828 1152 orit
849 1109 926 1173 pag.
951 1089 1025 1152 262.

406 1193 589 1258 Stoicorum
612 1199 728 1258 autem
754 1190 945 1276 primarium
962 1188 1064 1256 fuisse
1083 1192 1145 1258 hoc
1161 1191 1336 1279 placitum:
1364 1189 1446 1254 Dei

319 1295 528 1388 providentie
548 1295 704 1360 universa
723 1292 961 1376 administrari,
981 1314 1076 1358 nemo
1097 1293 1444 1392 nescit,etlo'qup1n·

319 1409 373 1466 tur
394 1394 579 1479 Arriani,
602 1393 795 1476 Senecae,
818 1393 956 1460 aliorum
973 1393 1228 1482 disputationes,
1249 1395 1319 1461 vid.
1342 1392 1444 1459 Sto·

201 1571 204 1581 ,
320 1501 417 1568 baei
438 1497 553 1583 Eelog.
576 1495 650 1561 Vol.
679 1495 707 1562 Ι.
727 1517 804 1584 pag.
827 1499 879 1560 70.
903 1498 973 1562 132.
997 1495 1048 1562 ed.
1069 1495 1211 1561 Heeren.
1240 1495 1444 1584 Epicteti
1469 1532 1472 1536 -

322 1602 476 1668 Dissertt.
505 1597 597 1664 Tom.
621 1598 648 1662 I.
675 1619 751 1685 pag.
780 1599 832 1662 86.
854 1600 927 1665 426.
961 1597 1014 1664 ed.
1044 1594 1228 1683 Schweigh.
1255 1600 1333 1665 add.
1361 1598 1444 1662 Li-

320 1704 410 1791 psii
430 1697 880 1788 Physiologiam·Stoicorum
898 1698 972 1765 Lib.
994 1700 1022 1765 Ι.
1041 1699 1184 1765 Dissert.
1206 1703 1268 1785 11,
1287 1709 1325 1766 ut
1347 1699 1443 1764 alios

320 1813 456 1868 taceam
507 1801 730 1868 Vetustiorum
756 1824 885 1890 quoque
912 1799 1009 1868 Stoae
1037 1802 1221 1888 principum
1248 1801 1443 1870 haedere

321 1907 468 1991 insignes
500 1902 577 1968 libri
603 1902 810 1988 legebantur,
838 1903 929 1968 velut
950 1903 997 1986 is,
1035 1903 1091 1990 qui
1116 1925 1138 1966 a
1165 1903 1331 1971 Laertio
1351 1903 1441 1968 VII.

323 2009 394 2078 138.
416 2005 582 2089 laudatur,
605 2004 803 2072 nobssissimi
830 2005 1058 2094 Chrysippi.
1103 2002 1231 2085 Quibus
1257 2013 1442 2093 postesse

322 2107 480 2196 adplicuit
497 2107 698 2174 Aelianus
719 2106 963 2192 Praenestinus,
984 2109 1033 2172 ita
1052 2113 1089 2172 ut
1105 2107 1320 2194 impugnandi
1340 2107 1440 2195 Epi-

322 2212 413 2281 curi
432 2211 540 2296 gratia
560 2208 679 2276 librum
703 2211 938 2294 conscriberet,
967 2230 1031 2298 quo
1051 2209 1277 2297 providentiae
1298 2210 1442 2277 divinae

316 2315 518 2382 documenta
544 2333 587 2376 ex
608 2313 804 2400 universt*)
832 2313 972 2378 historia
998 2313 1033 2377 in
1056 2334 1158 2379 unum
1180 2311 1318 2378 collecta
1340 2312 1440 2378 exbi-

254 2457 255 2464 .
322 2417 487 2482 berentur.
538 2411 603 2493 Qui
629 2413 759 2478 libellus
796 2417 922 2502 etipse
947 2414 1137 2480 inscribitur
1166 2413 1244 2500 περὶ
1270 2418 1441 2500 προνοίας

324 2517 495 2605 est-passim
523 2513 674 2588 laudetur
703 2537 723 2578 a
743 2515 989 2600 Grammaticis,
1017 2524 1055 2584 ut
1079 2514 1123 2582 ab
1149 2515 1367 2584 Eustatbio
1390 2519 1441 2585 ad

323 2620 418 2686 Iliad.
442 2619 480 2684 Z.
506 2638 582 2705 pag.
606 2619 678 2682 523.
703 2620 753 2682 53.
785 2626 818 2682 et
846 2617 1024 2684 aSuida.
1069 2617 1179 2706 Hujus
1201 2641 1301 2686 unum
1323 2620 1440 2688 locum

272 2736 274 2747 ¹
324 2722 510 2820 adscribam
536 2722 571 2786 in
601 2740 682 2784 voce
706 2713 871 2805 Eulaeo,
905 2743 968 2808 quo
996 2721 1038 2787 do
1066 2722 1168 2809 ipsius
1196 2720 1338 2791 lectione
1365 2746 1438 2790 mc·

323 2847 428 2900 neam.
472 2823 570 2890 Ponit
590 2820 638 2886 ibi
658 2821 928 2912 Lexioograpbus
948 2845 1023 2890 oum
1041 2823 1107 2890 alia
1126 2824 1293 2893 doctrinae
1311 2824 1438 2912 Epicu·

324 2950 399 2994 reae
421 2928 544 3014 capita,
563 2933 637 2994 *tum
659 2935 692 2990 et
711 2925 810 2992 illud:
842 2921 941 3011 Eira,
968 2919 1022 2990 dra
1043 2924 1081 2992 ἐν
1103 2931 1266 3011 προνοίας
1287 2927 1439 3015 piparas

305 3025 450 3116 πάντα,
474 3022 530 3097 iss
551 3024 778 3113 κυβερνήτην,
801 3022 855 3096 ἔτι
876 3022 1041 3115 dimetiar,
1063 3021 1117 3096 its
1137 3030 1282 3114 ποιμένα
1301 3032 1436 3114 ἔχοντα.

325 3130 447 3222 Νοιιιο,ι
463 3154 529 3198 non
569 3129 723 3216 intelligit
759 3131 981 3218 reponendum
1017 3153 1090 3199 esse
1126 3126 1228 3201 ἄνευ
1261 3137 1437 3223 προνοίας.

327 3232 422 3324 Quod
455 3242 488 3300 et
519 3235 726 3301 Kusterus
760 3234 855 3300 vidit.
911 3233 1036 3301 Vitium
1067 3243 1174 3303 ortum
1200 3257 1244 3302 ex
1266 3235 1437 3304 scribendi

326 3337 527 3425 compendio.
561 3337 733 3415 Caeterum
755 3331 979 3422 φύρεσθαι
1002 3337 1059 3426 (cf.
1083 3338 1212 3406 Platon.
1233 3340 1369 3427 Gorgia,
1387 3341 1434 3408 ci.

323 3486 539 3502 mua-⁸¹·-

395 3579 422 3648 *)
438 3580 500 3634 Νοιι
518 3580 605 3633 solum
625 3581 697 3648 apud
719 3597 808 3633 rerum
826 3583 988 3650 scriptores,
1012 3583 1060 3635 sed
1079 3585 1162 3636 etiem
1179 3585 1209 3637 in
1224 3585 1337 3653 reliquis
1348 3586 1436 3640 histo·

326 3671 383 3722 riae
406 3671 585 3722 monumentis
606 3671 800 3722 Providentiae
825 3671 936 3734 divinae
951 3673 1142 3739 frequentatur
1159 3676 1299 3730 memoria.
1328 3676 1368 3726 -In
1384 3691 1435 3728 nu·

327 3757 378 3808 mis
395 3759 504 3824 quidem
521 3759 584 3810 inde
602 3759 636 3810 ab
654 3763 745 3810 aetate
763 3759 890 3826 Augusti.
928 3760 1058 3826 Symbola
1074 3762 1166 3837 varia,
1190 3764 1222 3814 in
1237 3763 1280 3817 his
1299 3777 1363 3828 ιιι,
1382 3763 1436 3818 ful·

327 3863 401 3910 men,
429 3847 534 3914 aquila,
558 3848 703 3914 praecipue
725 3847 822 3914 globus
847 3846 895 3915 (cf.
917 3849 1007 3904 Plin.
1030 3850 1067 3902 H.
1085 3851 1121 3902 N.
1137 3851 1177 3902 11.
1196 3850 1250 3919 2.),
1274 3852 1323 3918 qui
1341 3853 1435 3905 orbem

327 3940 459 3985 terrarum
477 3934 649 4000 significabat
660 3937 780 3986 Deorum
797 3936 969 4002 providentia
986 3937 1158 4004 Principibus
1174 3940 1345 4004 permissum.
1366 3940 1434 3991 Uni-

314 4022 400 4073 -versi
421 4019 503 4084 hujus
528 4023 634 4088 generis
656 4023 729 4074 haud
754 4039 818 4074 rara
835 4024 958 4090 exempla
975 4041 1023 4091 per
1042 4026 1142 4090 libros,
1167 4028 1214 4093 qui
1237 4028 1271 4080 de
1288 4028 1376 4079 numia
1392 4029 1434 4080 in-

328 4109 494 4162 scribuntur.
516 4108 552 4160 el.
573 4109 707 4162 Eekbel
723 4111 758 4164 D.
777 4112 812 4163 N.
829 4112 863 4164 V.
882 4112 930 4164 IV.
947 4128 976 4178 p.
994 4112 1038 4165 81.
1056 4113 1120 4167 VII.
1136 4107 1239 4179 p.'144.
1274 4115 1433 4182 Epigraphe

327 4197 391 4248 illa:
414 4197 560 4248 Deorum
576 4195 843 4263 Provideniiae,
867 4198 912 4250 vel
936 4197 1111 4252 ΠΡΟΝΟΙΑ
1134 4197 1253 4256 BERN.
1288 4205 1381 4256 Etiam
1397 4206 1432 4255 si-

329 4299 384 4350 gna
401 4291 434 4334 ex
452 4299 483 4336 eo
499 4299 598 4350 genere
621 4285 800 4350 reperiuntur.
837 4286 898 4349 Quo
919 4287 1038 4352 pertinet
1053 4287 1248 4342 Providentiae
1260 4295 1356 4342 statua
1371 4305 1432 4344 cum

327 4369 407 4438 globo
425 4371 453 4421 in
469 4369 564 4423 Muses
581 4369 732 4438 Napoldon.
753 4373 801 4425 Νι.
823 4372 925 4426 XXXI.
945 4372 1052 4424 Tabula
1069 4374 1118 4429 IV.
