3167 5192
320 503 381 565 176

318 669 433 757 Neque
454 678 564 736 tumen
585 671 755 760 quisquam
775 669 881 754 magis
902 670 934 734 ei
947 675 980 734 et
995 669 1143 736 dommus
1158 677 1191 734 et
1204 666 1343 734 consilio
1357 687 1442 754 pro·

318 772 390 856 fuit,
411 793 508 860 quam
527 771 734 858 Mangoldus.
763 769 798 836 Is
818 768 1014 858 simulatque
1029 771 1164 857 juvenis
1186 791 1312 836 summa
1332 790 1442 856 quae·

318 896 381 963 que
402 876 586 962 appetentis
605 875 772 961 ingenium
794 881 1008 960 cognoverat,
1033 871 1172 940 eundem
1193 873 1442 938 humanissime

319 978 448 1064 excepit
481 977 516 1042 in
549 997 642 1042 suam
673 977 961 1061 consuetudinem,
995 985 1029 1042 et
1057 977 1204 1042 incendit
1235 975 1441 1062 adjuvitque

318 1077 547 1144 liberalissime
567 1087 636 1144 nrm
658 1078 762 1146 doctis
782 1077 987 1148 sermonibus
1007 1088 1078 1144 tum
1095 1101 1175 1146 vero
1189 1077 1441 1145 communican-

319 1179 370 1246 dis
392 1201 466 1246 cum
487 1179 602 1248 eodem
622 1179 717 1248 libris
735 1182 771 1246 in
791 1189 974 1269 eo'genere
995 1183 1135 1270 optimis.
1181 1181 1345 1275 Quocnca
1358 1180 1441 1266 jem

256 1319 260 1336 ·
319 1281 433 1350 sedulo
454 1291 604 1350 versatus
626 1292 677 1352 est
697 1283 732 1348 in
752 1285 902 1372 legendis
924 1287 1054 1373 scriptis
1076 1305 1273 1350 summorum
1292 1283 1345 1348 rei
1363 1305 1441 1348 me·

319 1385 413 1452 dieas
440 1395 687 1475 praesepiorum
713 1411 788 1454 oum
805 1396 972 1472 veterum,
1001 1398 1038 1454 ut
1059 1387 1270 1476 Hippocratis
1291 1385 1440 1473 ejusque

318 1491 541 1575 interpretum,
561 1497 630 1556 tum
644 1493 871 1575 recentiorum,
894 1499 932 1556 ut
945 1489 1156 1579 Sydenbami,
1176 1487 1320 1575 Baglivi,
1341 1486 1438 1552 Mor·

317 1590 401 1673 toui,
429 1589 616 1676 Wcrlhofii,
648 1593 829 1662 Hurbamii
856 1603 1048 1663 ceterorum.
1092 1593 1225 1659 Etenim
1252 1590 1297 1654 ad
1325 1599 1439 1654 artem

319 1691 500 1760 docendam
520 1697 665 1762 animum
685 1696 894 1784 adjunxerat
927 1696 1001 1777 Quo
1022 1695 1159 1762 oonsilio
1180 1694 1298 1760 lenam
1319 1713 1438 1758 rever-

318 1815 375 1860 sus
395 1793 550 1861 Doctoris
578 1797 761 1864 medicinae
790 1797 930 1866 honores
956 1803 1043 1887 cepit
1069 1799 1264 1888 disceptata,
1291 1793 1436 1860 Nicolao

317 1896 479 1986 praeside,
502 1900 735 1968 exercitatione
750 1907 788 1968 de
800 1909 912 1968 caloris
921 1905 1042 1979 seorim
1055 1906 1208 1980 effectibus
1222 1918 1309 1964 auno
1328 1898 1436 1979 17603

316 2001 471 2088 privatim
500 2001 639 2070 docendi
661 2003 719 2090 jus
746 2004 885 2093 adeptus
913 2012 963 2070 est
982 2002 1190 2070 defendenda
1209 2001 1324 2068 eodem
1342 2021 1435 2064 anno

318 2103 553 2192 disputatione:
586 2109 626 2170 ae
654 2099 821 2186 effectuae
840 2113 1037 2187 saumae,
1064 2114 1118 2187 aa
1144 2114 1223 2185 ficu
1252 2111 1285 2169 e
1310 2107 1435 2168 meus.

317 2207 402 2272 Item
429 2207 579 2296 proximo
608 2229 694 2275 anno
721 2209 846 2298 publici
867 2211 1053 2278 certaminis
1073 2207 1254 2276 discrimini
1281 2205 1435 2291 scriptio-

273 2299 276 2304 ’
318 2333 394 2376 nem
413 2310 568 2398 subjecit,
600 2333 698 2398 quam
721 2312 870 2380 ediderat
890 2320 929 2380 de
948 2318 1084 2379 melodo
1102 2315 1255 2390 mamas,
1272 2329 1351 2389 quae
1367 2313 1434 2371 ad-

317 2421 412 2491 clusit,
432 2435 491 2494 per
509 2418 625 2480 morbus
643 2419 775 2495 medua·
793 2425 943 2483 matures
962 2421 1095 2495 effectas

404 2515 480 2581 Jnm
504 2514 582 2583 licet
606 2515 663 2582 ille
691 2539 765 2584 cum
785 2522 930 2588 maxima
948 2529 982 2586 et
1002 2540 1063 2584 sua
1080 2516 1178 2584 laude
1200 2524 1233 2580 et
1254 2511 1434 2599 discipulo·

319 2639 392 2684 rum
408 2617 549 2686 utilitate
568 2620 723 2705 privatim
744 2620 886 2705 doceret,
906 2630 1018 2688 tamen
1035 2628 1151 2687 exacto
1172 2639 1259 2684 anno
1279 2616 1434 2704 protinus

319 2720 475 2788 cathedra
499 2723 616 2805 cessit3
637 2743 704 2788 non
722 2723 853 2811 quidem
873 2733 910 2790 ut
930 2745 1059 2811 semper
1078 2721 1156 2788 inde
1177 2720 1322 2802 abesset,
1342 2715 1433 2806 quod

318 2823 381 2890 fuit
401 2822 504 2911 patris
522 2822 704 2909 consilium,
727 2827 786 2892 sed
807 2835 846 2891 ut
865 2828 1024 2894 eruditior
1043 2821 1218 2912 aliquando
1238 2843 1277 2886 eo
1295 2819 1432 2901 rediret,

318 2945 514 3014 quamquam
530 2929 603 3012 jam
629 2935 708 2994 tunc
727 2928 876 2994 doctrina
894 2930 929 2995 in
950 2951 988 2995 eo
1009 2930 1116 2994 inerat
1135 2924 1224 2990 haud
1242 2921 1431 2998 mediocris.

318 3023 451 3096 Etenim
471 3036 580 3116 pater,
612 3051 675 3117 quo
695 3029 799 3096 filium
820 3054 930 3098 secum
949 3029 1100 3114 haberet,
1121 3029 1267 3116 jusserat
1288 3024 1432 3120 eundem

317 3129 499 3196 habitatum
522 3132 701 3200 concedere
722 3132 909 3218 Erfnrtnm,
934 3133 1097 3220 dumaque
1116 3130 1164 3197 ibi
1185 3151 1304 3213 uxore,
1332 3149 1433 3216 qnam

317 3233 390 3320 ipse
417 3233 522 3300 eidem
552 3233 697 3320 elegerat
725 3234 843 3324 opibus
862 3236 1101 3317 abundantem,
1127 3234 1164 3297 in
1185 3234 1252 3298 otio
1271 3233 1392 3297 vivere
1414 3251 1432 3292 e

317 3356 354 3399 re
381 3333 536 3402 familiari
564 3344 597 3400 et
623 3337 772 3424 conjugis
779 3387 788 3423 ,
815 3348 849 3404 et
875 3357 948 3423 sua,
976 3359 1060 3426 qnae
1088 3344 1122 3402 et
1143 3336 1218 3422 ipsa
1235 3335 1316 3402 satis
1341 3332 1432 3400 lauta

318 3444 397 3520 erat,
421 3446 609 3506 contentum
628 3439 811 3507 medicinae
832 3441 975 3508 doctoris
995 3438 1205 3506 ornamentis.

402 3539 434 3604 A
464 3562 527 3628 quo
554 3540 691 3609 oonsilio
718 3541 839 3610 Noster
870 3541 1105 3609 alienissimum
1135 3541 1280 3606 animum
1304 3534 1430 3617 babuit,

317 3641 413 3708 unice
444 3643 588 3712 intentus
621 3667 676 3728 eo,
706 3667 770 3732 quo
795 3645 963 3712 doctrinae
990 3644 1118 3730 copiam
1139 3647 1276 3727 angeret
1302 3656 1430 3726 usuque

319 3743 535 3812 confirmaret.
578 3746 672 3814 Illius
694 3747 827 3836 quidem
850 3748 900 3811 rei
920 3745 1109 3812 fucultatem
1129 3752 1244 3810 nactus
1262 3747 1334 3806 erat
1355 3759 1430 3802 cnm

317 3845 485 3914 liberalius
507 3869 675 3934 concesso,
705 3871 803 3938 quam
822 3849 923 3937 vulgo
944 3849 1043 3932 solet,
1064 3847 1247 3914 studiorum
1266 3840 1429 3908 academi-

318 3973 432 4018 corum
452 3953 573 4037 spatio,
588 3959 657 4018 tum
678 3951 850 4038 Mangoldi
868 3951 920 4018 sui
935 3951 1179 4034 consuetudine,
1201 3947 1271 4015 vita
1285 3944 1428 4035 denique

318 4053 479 4136 literaria,
512 4073 610 4140 quam
641 4076 716 4120 enm
741 4054 883 4120 maxime
911 4053 1015 4120 Jenae
1039 4052 1168 4141 agebat.
1212 4049 1323 4136 Hujus
1349 4055 1428 4114 unc

318 4157 459 4243 primum
485 4153 618 4221 uberior
643 4166 787 4244 potestas
809 4157 897 4221 facta
924 4166 984 4222 est
1028 4158 1113 4221 Nam
1132 4165 1204 4224 tnm
1224 4151 1359 4241 quidem
1379 4170 1428 4214 re·

319 4259 492 4326 crudueret
511 4257 635 4324 bellum
655 4259 738 4326 illud
759 4268 932 4346 septenne,
954 4259 1042 4349 quod
1062 4258 1278 4338 medicorum,
1306 4251 1428 4319 milites

306 4363 654 4447 'aegrotossauciosve
676 4361 912 4448 adjuvantium,
934 4382 1067 4448 operam
1084 4350 1304 4452 desiderabat.
1332 4354 1427 4442 Ejus·

296 4447 407 4532 'modi
426 4463 517 4530 locus
539 4464 667 4532 oblaurs
681 4469 870 4546 Baldinuero
892 4472 941 4530 est
961 4463 996 4528 in
1013 4464 1160 4530 exercitu
1180 4461 1360 4529 Berussiae
1379 4476 1425 4522 re
