3167 5192
305 489 365 552 174

302 652 495 723 adunaret.
533 655 630 721 Unde
652 655 823 722 Erfurtum
844 656 1089 746 'I'lruringormn
1108 662 1282 745 concessit,
1302 659 1419 747 ibique

232 780 242 794 ·
303 757 338 822 iu
360 757 525 824 civitatem
545 758 689 826 adscitas
710 755 918 826 numatam
938 781 1071 848 operam
1092 764 1230 831 navavit
1243 763 1419 829 inatituen·

199 875 207 890 ·
304 857 366 926 dae
385 863 559 946 textrinae,
581 882 664 949 quae
685 860 780 926 brevi
799 860 884 928 adeo
903 861 1022 949 floruit,
1044 874 1083 932 ut
1100 865 1178 932 inde
1195 867 1336 933 trecenti
1349 886 1420 930 anr-

303 960 389 1048 pliua
415 963 549 1050 opifices
574 963 749 1030 alerentur.
793 962 888 1044 Quae
919 987 974 1032 rea
1005 967 1052 1032 ita
1081 969 1207 1034 arrexit
1225 969 1351 1034 civium
1367 970 1421 1034 in·

304 1061 477 1160 duatrim,
499 1065 663 1150 etmulti,
685 1085 805 1132 novam
825 1075 905 1132 tuuc
924 1068 1056 1154 quidem
1076 1071 1112 1136 in
1135 1070 1202 1136 illia
1222 1070 1290 1136 oria
1305 1059 1420 1134 artem

304 1165 467 1252 aemulati,
487 1168 628 1236 fructum
649 1167 726 1236 inde
747 1167 836 1236 haud
854 1169 1051 1237 mediocrem
1069 1173 1286 1260 perciperent.
1453 1219 1458 1227 f

388 1268 503 1358 Neque
527 1291 606 1338 vero
628 1271 716 1338 idem
737 1289 818 1358 opus
837 1271 1000 1338 meditans
1019 1273 1092 1342 sola
1110 1273 1283 1340 terrestria
1300 1285 1419 1360 aeque·

302 1369 416 1456 batur,
448 1373 508 1440 aed
538 1395 605 1439 non
636 1375 744 1440 minus
776 1396 886 1440 rernm
917 1374 1104 1442 divinarum
1135 1395 1235 1442 sensu
1268 1374 1418 1460 vigebat.

304 1473 451 1562 Cumque
481 1497 517 1540 se
545 1476 618 1542 Deo
643 1476 801 1563 peculiari
828 1478 970 1566 quodam
992 1480 1080 1564 grati
1106 1476 1340 1569 animiofficio
1361 1477 1419 1542 dc·

303 1578 449 1644 vinctum
470 1579 634 1664 crederet,
655 1579 744 1668 quod
764 1581 952 1665 rectiorem,
972 1570 1034 1648 uti*
1042 1581 1274 1664 arbitrabatur,
1299 1578 1418 1645 salutis

303 1682 391 1746 viam
412 1688 639 1765 monstrasset,
656 1683 802 1769 percitus
823 1685 990 1772 quondam
1012 1685 1110 1774 hujus
1130 1683 1285 1752 beneficii
1305 1703 1418 1765 aenan,

303 1783 399 1850 domo
425 1807 461 1850 se
490 1785 651 1873 proripuit
676 1805 808 1874 unaque
830 1807 905 1852 cum
930 1810 1050 1874 uxore,
1074 1811 1174 1878 quam
1194 1787 1418 1871 Argentorato

305 1909 416 1952 aecum
433 1887 625 1972 abduxerat,
644 1889 679 1952 in
699 1909 809 1974 genua
826 1890 1019 1977 provolutus
1032 1891 1095 1958 hoc
1109 1891 1179 1958 voti
1193 1888 1418 1976 nuncupavit:

302 1999 340 2056 ut
362 1991 467 2078 primo
493 1989 602 2058 natus*
621 2013 666 2057 ex
692 2012 729 2056 se
754 2013 838 2080 eque
855 1993 924 2058 auia
942 1993 1258 2082 quiaque'demceps
1273 1989 1417 2078 posteris

304 2096 448 2162 omnium
466 2093 671 2162 racemorum
687 2115 780 2160 sacro
795 2095 1212 2166 ministerio'addiceretur.
1240 2093 1334 2176 Quae
1351 2113 1417 2174 res,

303 2197 391 2285 quod
417 2198 506 2264 infra
524 2199 663 2287 patebit,
683 2198 860 2287 plurimum
876 2199 914 2264 in
934 2198 1055 2266 Nostro
1076 2197 1276 2266 instituendo
1298 2195 1417 2264 velarit.

388 2301 508 2368 Editus
529 2303 558 2367 is
579 2304 683 2368 estin
703 2301 789 2368 hunc
811 2300 919 2368 lucem
942 2303 979 2366 in
998 2303 1073 2369 vico
1094 2301 1169 2388 agri
1189 2297 1418 2366 Erfurdienaia

304 2407 422 2484 Meae·
436 2410 571 2485 Vargula
603 2405 675 2472 eive
714 2410 836 2481 Vardo,
869 2404 1097 2492 antiquissima
1129 2403 1208 2470 sede
1238 2400 1419 2469 illustrium

304 2511 442 2574 &mm
462 2512 500 2572 de
522 2511 643 2588 Vardo,
666 2506 698 2574 d.
716 2505 846 2570 XVIII.
868 2505 952 2596 lllaji
971 2530 1015 2572 m
1035 2505 1419 2592 a.1738patrclcaaac
1444 2504 1450 2515 '

304 2613 473 2689 Friderr‘co,
494 2607 550 2695 qui
570 2606 618 2672 ibi
638 2628 732 2673 sacra
752 2607 905 2692 faciebat,
925 2611 1026 2675 animi
1041 2613 1162 2700 pietate
1178 2606 1424 2691 sanctitateque
1442 2698 1445 2704 Ι

157 2702 164 2722 “
192 2733 196 2738 ·
304 2730 431 2776 morum
457 2731 524 2776 non
550 2711 656 2776 minus
677 2711 938 2797 commendatus,
960 2712 1253 2800 quampraecipue
1272 2707 1419 2795 quadam

306 2813 473 2898 doctrinae
502 2811 605 2900 copia.
649 2811 789 2878 Matrem
816 2811 930 2880 habuit
952 2835 970 2880 e
990 2811 1236 2900 Lutherigilliua
1257 2811 1419 2898 progenie

306 2919 489 2998 Barbarum,
509 2913 611 2982 filiam
631 2915 768 2982 Henrici
789 2915 971 2984 Godofredi
990 2921 1093 2992 Salutii,
1114 2914 1209 2982 verbi
1230 2914 1336 2980 divini
1358 2914 1418 2977 mi-

193 3059 195 3066 >
304 3020 401 3086 nistri
422 3019 509 3107 apud
529 3018 835 3086 Binderslebieusea
854 3043 956 3108 prope
975 3019 1156 3086 Erfurtum.

356 3177 358 3182 .
390 3121 490 3188 Initia
509 3121 678 3209 religionis
699 3130 732 3188 et
751 3122 920 3190 litermum
940 3145 1040 3212 quum
1057 3131 1151 3209 peter
1168 3121 1242 3207 ipse
1262 3117 1421 3187 tradidia'

306 3233 372 3311 act,
401 3225 497 3292 daus
518 3224 575 3290 ille
594 3233 645 3290 cst
670 3227 715 3310 (a.
742 3225 837 3313 1751)
871 3227 907 3290 in
927 3224 1134 3312 dlaoiplinam
1155 3221 1331 3310 Gymnaeii
1350 3219 1418 3286 Go-

304 3327 396 3394 thaui
417 3335 673 3416 praeceptorum,
692 3327 841 3415 inprimit
861 3332 975 3409 Stasea
997 3328 1054 3416 qui
1074 3336 1153 3392 tunc
1175 3347 1248 3390 eam
1269 3324 1418 3390 scholam

213 3421 220 3436 ’
305 3430 450 3516 regebat,
473 3427 612 3498 docendi
623 3435 693 3494 arte
712 3451 779 3498 non
797 3432 905 3497 minus
927 3447 1025 3520 quam
1046 3429 1214 3497 doctrinae
1234 3427 1333 3493 laude
1352 3428 1418 3492 clu·
1489 3412 1491 3431 ¹

304 3555 371 3598 rus.
414 3527 525 3622 Hujus
556 3532 622 3600 viri
653 3531 865 3600 contubernio
896 3556 975 3600 usus
1006 3534 1042 3597 in
1071 3530 1176 3596 literis
1205 3529 1419 3596 humanitatis

306 3636 439 3720 egregie
461 3637 611 3722 profecit.
654 3635 739 3707 Inde
764 3635 1032 3722 Longoaalissam
1058 3634 1154 3719 abiit,
1181 3633 1292 3720 ibique
1315 3631 1419 3720 Gym-

305 3739 391 3802 nasii
411 3737 552 3803 alumnis
570 3737 755 3825 adscriptum
777 3741 824 3827 (a
838 3741 934 3826 1753)
953 3746 1182 3826 praeceptores
1202 3736 1319 3802 habuit
1336 3737 1419 3801 Mei-

306 3841 451 3905 nereium
468 3839 640 3906 Rectorem
660 3850 692 3906 et
713 3841 930 3927 Lindnerum,
959 3841 1016 3928 qui
1037 3835 1157 3907 deinde
1180 3837 1311 3905 scholae
1330 3839 1418 3905 Arn-

306 3942 465 4032 stadiensi
484 3943 638 4030 praefuit.

390 4047 499 4134 Atque
519 4045 555 4110 in
576 4067 616 4110 ea
636 4046 718 4114 urbe
737 4046 1063 4128 traxit'Baldinqeras
1084 4065 1228 4110 amorem
1248 4044 1418 4111 doctrinae

306 4149 463 4229 medicae.
501 4145 650 4236 Namque
666 4159 768 4237 pater,
791 4172 855 4238 quo
876 4149 946 4235 filii,
968 4172 1064 4239 quem
1084 4149 1217 4214 unicum
1230 4147 1327 4213 unice
1344 4147 1417 4213 dili-

306 4252 422 4340 gebat,
451 4273 517 4322 nou
532 4251 709 4320 eruditioni
719 4254 824 4322 ruodo
846 4253 906 4320 sed
923 4275 985 4323 nec
1004 4253 1113 4321 miuus
1133 4251 1279 4320 moribus
1294 4273 1416 4319 conau-

307 4355 399 4441 leret,
421 4354 560 4424 sollicite
579 4363 793 4442 prospexerat
814 4362 852 4419 ut
871 4354 1082 4422 houeuonnn
1096 4355 1265 4423 hominum
1280 4375 1416 4422 consue

226 4509 233 4522 .
308 4457 420 4523 tudine
431 4467 587 4525 uteretur.
611 4458 726 4546 Itaque
739 4458 835 4524 datus
851 4458 886 4522 in
901 4459 1150 4525 contubernium
1168 4459 1416 4545 convictumque
