3167 5192
1212 524 1254 591 97

135 714 183 757 ac
214 692 301 759 velut
332 694 466 782 impexa
491 698 613 781 agresti
640 696 727 761 facie
754 694 902 761 horreret
931 694 1173 783 squaleretque:
1208 699 1254 764 ita

133 794 340 881 displicebat
358 818 409 880 ea,
426 818 510 884 quae
530 798 629 862 nimis
648 806 755 863 comta
777 807 810 863 et
828 799 921 885 quasi
935 796 1127 863 calamistris
1144 798 1254 864 inusta

132 897 385 984 unguentisque
411 894 556 961 delibuta
580 896 707 966 flueret.
749 900 865 987 Neque
892 922 971 966 vero
998 898 1102 965 solum
1129 900 1164 963 in
1186 922 1252 964 ser-

132 997 293 1065 monibus
322 1020 364 1063 ac
391 999 520 1085 scriptis
538 1001 645 1067 Attici
672 998 930 1090 aspernabantur
958 1002 1144 1067 affectatum
1164 1002 1251 1066 istud

135 1122 246 1187 genus
268 1100 481 1189 effusumque,
503 1102 655 1190 quodque
669 1105 771 1170 nimia
786 1112 855 1169 arte
873 1104 1055 1193 quaesitum
1069 1102 1254 1168 videretur:

135 1203 203 1267 sed
220 1202 374 1267 inrebus
393 1202 554 1288 omnibus,
574 1206 609 1268 in
622 1206 721 1290 victu,
743 1206 865 1273 vestitu
880 1207 979 1293 inque
995 1206 1149 1270 universo
1165 1206 1254 1269 vitae

136 1304 243 1370 cultu.
287 1304 344 1369 Ita
361 1306 447 1369 enirn
464 1306 614 1370 videmus
635 1306 705 1372 lere
725 1306 807 1391 fieri,
831 1316 876 1390 ut,
898 1307 955 1373 ubi
977 1305 1252 1393 semel,-dispulst

135 1408 343 1493 integritatis
372 1406 509 1471 inimici.
536 1405 708 1489 barbarit,
750 1430 867 1474 sensus
906 1408 1030 1474 ordinis
1063 1407 1253 1495 decorisque
1311 1474 1314 1479 .

136 1511 270 1595 vigeat,
291 1528 359 1596 quo
375 1528 496 1593 magna
511 1529 589 1593 pars
609 1508 820 1574 humanitatis
842 1509 1039 1592 continetur,
1057 1508 1128 1596 jam
1145 1512 1253 1576 omnia

138 1634 237 1679 suum
259 1619 413 1677 ornatum
428 1608 598 1695 accipiant,
620 1610 683 1676 hoo
701 1620 751 1675 est
765 1634 849 1693 eum,
873 1612 928 1698 qui
942 1622 1077 1676 naturae
1087 1612 1255 1691 ¹humanae

137 1714 209 1801 legi
227 1719 401 1799 congruat,
422 1708 648 1800 elegantiaque
670 1714 831 1800 quaedam
852 1712 990 1777 exsistat
1008 1734 1074 1777 non
1096 1714 1140 1778 ad
1152 1736 1254 1778 unum

138 1817 310 1905 quoddam
331 1834 435 1901 genus
459 1812 629 1896 adstricta,
651 1816 711 1880 sed
731 1836 791 1902 per
805 1836 924 1879 omnes
943 1815 1032 1879 vitae
1048 1823 1158 1901 partes
1179 1816 1257 1881 lusa

139 1928 173 1982 et
202 1917 379 2005 explicata.
422 1914 496 1979 Hac
523 1914 688 2001 elegantia
713 1918 840 1982 nituere
861 1916 1025 1999 Athenae,
1048 1938 1091 1981 ex
1112 1939 1177 2003 quo
1197 1938 1252 1981 eas

139 2019 291 2085 Pericles
306 2021 370 2083 sut
388 2018 549 2082 suavitate
563 2018 780 2101 exhilararat3
804 2020 1034 2107 cognitumque
1050 2020 1120 2106 ipso
1137 2018 1252 2084 effectu

140 2130 209 2206 est,
230 2121 313 2209 quid
333 2122 377 2185 sit
395 2118 494 2201 illud,
515 2120 602 2206 quod
619 2122 689 2208 ipse
710 2121 798 2208 apud
820 2118 1046 2207 Thucydidem
1066 2141 1140 2185 suos
1163 2121 1255 2185 cives

139 2223 255 2288 facere
275 2218 370 2287 dicit:
392 2226 589 2305 φιλοκαλεῖν
602 2218 674 2308 μετ’
698 2218 864 2299 εὐτελείας
880 2220 935 2287 καὶ
953 2227 1155 2307 φιλοσοφεῖν
1169 2216 1255 2287 ἄνευ

138 2328 317 2409 μαλακίας.

227 2429 297 2494 lua
320 2450 402 2494 vero
429 2426 615 2515 eloquentib
635 2425 807 2493 nobilitata
835 2423 981 2493 etvetus
1003 2428 1256 2494 Academiaest

141 2542 177 2598 et
196 2553 284 2620 quae
305 2537 438 2595 secutae
455 2538 531 2595 sunt
550 2527 705 2615 reliquae,
724 2538 761 2594 ut
783 2550 928 2595 summus
943 2530 1162 2596 Romanorum
1183 2552 1254 2597 ora-

138 2642 193 2699 tor
214 2634 306 2699 idem
325 2633 366 2697 de
388 2654 424 2697 se
439 2632 645 2719 profiteatur,
673 2631 760 2719 quod
781 2654 881 2719 supra
902 2634 937 2699 in
955 2632 1177 2699 Demosthene
1198 2634 1257 2699 ob*
1328 2670 1335 2683 ·

141 2737 361 2803 servavimus.
412 2721 622 2798 Xenocratis
637 2740 746 2797 tamen
773 2756 841 2800 non
870 2735 983 2800 eadem
1012 2736 1161 2822 proditur
1188 2758 1257 2801 eer-

140 2841 250 2905 monis
281 2837 419 2903 comitas
446 2835 568 2918 fuisse,
599 2843 632 2899 at
657 2856 697 2901 eo
723 2835 890 2902 efficacior
916 2838 1078 2921 grantae,
1108 2859 1173 2924 qua
1197 2837 1272 2901 ille·

140 2941 355 3007 Polemonem
374 2938 568 3031 resipiscere
590 2946 623 3002 et
642 2936 685 3003 ab
705 2938 843 3003 infanda
864 2939 907 3003 ad
921 2933 1129 3004 severitatem
1146 2938 1254 3003 redire

142 3044 264 3129 coegit.
319 3040 350 3106 Ο
381 3042 470 3110 vitae
504 3038 710 3126 philosophia
741 3040 946 3106 emendatrix
976 3039 1253 3127 cupiditatumque

140 3144 277 3226 rectrix,
298 3164 319 3207 o
336 3142 561 3207 felicissimum
581 3141 718 3206 rationis
735 3151 768 3206 et
786 3151 980 3229 perpetuum
996 3141 1134 3207 bonum!
1157 3140 1255 3226 Ejus-

121 3244 218 3310 'dem
241 3243 441 3309 Xenocratis
467 3244 633 3309 sanctitati
659 3251 785 3309 tantum
813 3242 997 3309 tribuerint
1026 3241 1255 3325 Athenienses,

141 3355 178 3411 ut
198 3365 276 3410 cum
289 3347 510 3411 testimonium
522 3342 654 3431 publice
669 3367 691 3409 a
704 3366 740 3409 se
757 3345 880 3409 dictum
892 3344 1108 3432 jurejurando
1123 3342 1255 3409 firmare

140 3448 255 3531 vellet,
273 3450 343 3513 unt
360 3469 443 3513 voce
464 3470 500 3513 ae
520 3447 575 3513 vel
592 3446 736 3532 injurato
752 3448 885 3513 credere
900 3448 1125 3531 acclamarent,
1147 3468 1253 3534 neque

137 3550 254 3635 jurare
275 3558 475 3637 paterentur.
519 3548 617 3631 Quod
629 3548 809 3635 judicium,
837 3550 981 3617 dubitari
1000 3557 1122 3637 potest,
1143 3559 1255 3615 utrum

141 3650 412 3719 honorificentius
435 3655 478 3719 iis
504 3652 620 3735 fuerit,
652 3651 812 3738 aquibus
841 3654 1049 3735 factumest,
1082 3674 1124 3716 an
1143 3652 1188 3735 ei,
1218 3654 1255 3716 in,

142 3756 237 3841 cujus
254 3756 406 3838 gratiam.
434 3754 546 3837 Quid?
564 3756 600 3819 in
616 3752 711 3817 hoste
725 3756 824 3819 etiam
841 3778 919 3821 suae
936 3755 1147 3819 humanitatis
1163 3756 1252 3819 testi-

142 3858 290 3922 monium
309 3866 438 3923 exstare
456 3857 631 3925 voluerunt
643 3855 873 3923 Athenienses.
907 3856 972 3939 Qui
987 3856 1133 3943 quidem,
1148 3858 1254 3943 captis

142 3959 290 4046 Philippi
306 3958 502 4042 tabellariis,
526 3955 762 4045 epistolamque
782 3956 973 4047 Olympiadi
996 3960 1185 4044 inscriptam
1206 3958 1252 4022 fe-

143 4060 309 4144 rentibus,
334 4082 402 4127 non
421 4061 589 4127 solverunt
610 4080 697 4143 ean,
723 4059 872 4146 patefieri
892 4062 1038 4129 nolentes
1059 4062 1156 4125 uxori
1174 4060 1251 4122 scri-

143 4172 233 4249 ptam
260 4160 490 4229 salutationem
510 4182 648 4251 peregre
673 4160 818 4227 absentis
846 4165 965 4229 mariti.
1010 4162 1097 4228 Satis
1120 4158 1161 4225 de
1185 4180 1254 4223 mo-

145 4266 267 4332 destia:
290 4265 533 4333 misericordiae
546 4262 698 4349 exempla
711 4264 746 4328 in
762 4264 906 4329 medium
918 4264 1129 4352 proferemus.
1152 4258 1252 4325 Nulla

143 4388 298 4455 umquam
312 4366 473 4433 Graeciae
493 4367 610 4433 ciritae
632 4386 811 4452 pauperum
826 4364 1076 4433 necessitatibus
1094 4371 1161 4425 tam
1178 4359 1249 4441 dili-

144 4478 259 4555 genter
286 4468 459 4535 consuluit.
502 4466 588 4532 Nam
615 4470 700 4533 sicut
727 4466 882 4535 nolebant
910 4460 1105 4555 quemquam
1123 4461 1252 4527 desidia

194 4594 309 4639 onus.
333 4593 449 4638 orreo.
1028 4566 1047 4626 7
