3167 5192
326 488 370 553 92

326 660 508 747 decipiente
524 656 646 743 justior
666 665 771 740 esset,
802 664 848 741 et,
881 658 938 746 qui
965 659 1184 746 deciperetur,
1211 680 1278 725 non
1299 659 1444 748 decepto

273 769 277 777 '
326 762 536 849 sapientior.“
560 758 686 845 Neque
707 758 808 867 igitur
829 759 872 825 ad
893 780 980 825 vana
1001 762 1167 829 oculorum
1189 760 1443 846 oblectamenta,

247 932 251 940 ,
292 881 296 890 “
325 861 503 931 verum-ad
523 860 624 926 animi
641 858 871 927 honestissima
899 862 1007 929 studia
1037 874 1206 951 erogatum
1228 862 1370 929 debebat
1390 864 1443 928 vi-

269 967 272 974 “
326 966 410 1049 deri,
438 960 598 1052 quidquid
618 962 721 1027 Attici
746 963 781 1025 in
802 963 1015 1049 Phoenissae,
1044 965 1206 1055 Oedipos,
1234 965 1445 1051 Antigonam

324 1067 553 1153 Electramque
585 1070 619 1127 et
644 1062 767 1129 similes
794 1064 924 1133 fabulas
951 1076 1114 1133 sumtuum
1139 1067 1315 1135 faciebant.
1366 1068 1444 1134 Nec

323 1170 447 1257 lyricae
466 1175 603 1256 poe'seos
623 1165 721 1231 rudes
741 1165 873 1234 fuerunt
894 1169 1058 1253 Athenae,
1085 1178 1118 1235 et
1141 1171 1320 1260 lyricorum
1336 1172 1443 1237 etiam

323 1272 504 1359 principem
524 1268 712 1353 Pindarum,
734 1291 809 1335 cum
824 1269 1000 1339 Thebanus
1023 1282 1119 1357 esset,
1142 1272 1249 1362 quoad
1270 1272 1342 1359 ejus
1363 1272 1443 1339 fieri

230 1436 236 1443 ὁ
323 1381 467 1460 poterat,
492 1394 588 1437 suum
618 1393 690 1436 esse
712 1370 901 1459 voluerunt,
931 1375 1196 1464 quandoquidem
1215 1376 1321 1462 ipsum
1342 1373 1444 1440 illum

325 1476 459 1541 civitate
480 1474 652 1539 donarunt.
697 1473 876 1541 Comoedia
896 1499 1005 1564 porro,
1028 1486 1112 1563 quae
1131 1475 1273 1560 aliunde,
1292 1477 1444 1543 maxime

325 1600 347 1642 a
362 1576 481 1643 Siculis
501 1576 596 1640 initia
616 1576 772 1663 cepisset,
799 1578 938 1645 Athenis
960 1588 1070 1645 temen
1094 1581 1219 1666 etipsa
1241 1578 1444 1645 ad'maturi·

324 1689 424 1747 tatem
442 1678 583 1745 adducta
602 1685 667 1762 est,
687 1700 754 1743 non
772 1680 869 1745 modo
884 1688 979 1749 vetus
993 1679 1060 1764 illa,
1083 1702 1167 1769 quae
1181 1679 1288 1747 libera
1301 1682 1443 1747 civitate

322 1780 544 1869 improborum
564 1804 662 1871 saepe
686 1783 853 1848 bominum
876 1780 1045 1847 licentiam
1064 1783 1224 1867 coercuit,
1250 1783 1309 1849 sed
1325 1784 1442 1849 media

324 1904 452 1972 quoque
478 1884 621 1973 itemque
648 1906 751 1971 nova,
782 1906 866 1975 quae
894 1907 912 1949 e
940 1884 1012 1951 foro
1041 1886 1134 1974 quasi
1161 1892 1194 1951 et
1221 1886 1379 1951 concione
1404 1887 1472 1973 in,

323 1985 423 2051 aedes
440 2008 475 2052 se
497 1976 629 2076 recepit,
649 1989 915 2075 privatorumque
930 1988 1065 2075 ingenia
1077 2008 1248 2076 moresque
1261 1986 1442 2053 utilissime

321 2088 447 2154 imitata
468 2097 528 2155 est.
572 2092 683 2179 Atque
703 2089 959 2178 Aristophanes,
992 2088 1069 2155 lioet
1091 2090 1126 2154 in
1147 2090 1268 2155 veteris
1290 2090 1440 2155 maxime

322 2190 518 2259 comoediae
537 2194 644 2281 poetis
665 2192 846 2277 habendus,
868 2212 995 2259 morum
1016 2200 1125 2259 tamen
1140 2192 1324 2259 Atticorum
1338 2192 1441 2259 nobis

323 2296 462 2382 optimus
483 2297 610 2363 exstitit
635 2295 763 2379 doctor,
789 2316 887 2383 quem
908 2294 1003 2359 Plato
1027 2295 1063 2359 in
1089 2294 1216 2361 deliciis
1242 2293 1374 2379 habuit,
1401 2296 1439 2361 in

323 2398 459 2486 ejusque
479 2399 602 2483 animo,
626 2399 717 2465 velut
742 2399 778 2463 in
800 2397 954 2481 sacrario,
977 2396 1109 2463 Gratias
1137 2396 1310 2485 sibiipsae
1333 2396 1439 2463 domi·

323 2500 436 2567 cilium
457 2502 675 2585 constituisse,
695 2500 1062 2589 aliquo'epigrammate
1082 2499 1237 2586 prodidit.

407 2601 496 2684 Quid
517 2601 736 2691 eloquentiam
755 2601 957 2692 persequar?
994 2600 1097 2688 Cujus
1118 2600 1263 2667 studium
1284 2603 1357 2691 ipse
1378 2603 1440 2671 ille

322 2705 542 2773 Romanorum
564 2705 850 2793 eloquentissimus
872 2724 938 2769 non
962 2724 1133 2769 commuue
1152 2702 1255 2771 fuisse
1275 2705 1440 2773 Graeciae

321 2808 415 2893 dixit,
436 2808 495 2874 sed
514 2809 683 2898 proprium
696 2808 910 2873 Athenarum.
941 2806 986 2871 Et
1006 2806 1123 2872 revera
1142 2828 1209 2871 una
1226 2807 1305 2875 urbs
1321 2809 1439 2875 Attica
1479 2807 1484 2817 ’

245 2988 248 2992 7
320 2910 469 2999 pluribus
496 2932 595 2977 sanae
616 2909 839 2999 eloquentiae,
869 2930 967 2998 quam
988 2908 1144 3001 universa
1163 2908 1305 2977 Graecia
1320 2909 1440 2977 floruit

321 3013 493 3101 operibns.
517 3016 591 3079 Hac
610 3021 720 3079 autem
741 3020 812 3079 arte
832 3011 924 3079 nulla
937 3012 1011 3099 plus
1025 3010 1170 3097 judicari
1188 3011 1286 3077 debet
1301 3012 1437 3101 publice
1488 3027 1491 3033 ·

320 3116 502 3203 profuisse,
529 3126 696 3205 tamqnam
715 3116 805 3182 vitae
827 3116 1006 3181 eommunis
1030 3115 1201 3199 magistra,
1228 3115 1439 3204 stuporisque

322 3229 355 3285 et
377 3220 592 3286 immanitatis
619 3218 802 3307 expultrix:
850 3217 935 3283 Nam
965 3238 1039 3281 cum
1065 3236 1191 3281 summa
1219 3238 1328 3283 rerum
1355 3226 1438 3283 tnnc

148 3291 152 3308 '
219 3314 235 3331 '
321 3322 452 3409 quidem
472 3344 572 3409 penes
589 3320 751 3409 populum
768 3327 870 3404 esset,
893 3318 1095 3406 judiciisque
1115 3319 1311 3385 interessent
1330 3318 1438 3385 homi·

321 3446 381 3489 nes
402 3424 443 3489 de
460 3424 572 3511 plebe:
603 3444 736 3489 necesse
754 3421 834 3507 fuit,
863 3420 955 3487 illam
973 3418 1123 3505 Periclis,
1146 3420 1329 3487 Alcibiadis
1346 3422 1438 3488 simi-

320 3526 464 3614 liumque
496 3528 658 3611 virorum,
693 3548 715 3589 a
743 3524 953 3613 philosophia
983 3522 1219 3612 profectorum,
1253 3524 1438 3591 orationem

320 3628 566 3718 doctrinamque
598 3628 642 3694 ad
674 3627 865 3717 popularem
896 3626 1138 3715 simplicitatem
1168 3627 1301 3693 remitti.
1361 3625 1438 3709 Quo

321 3730 444 3796 fectum
464 3739 523 3815 est,
543 3741 580 3797 ut
603 3731 762 3820 quidquid
781 3730 919 3813 animus,
942 3730 978 3793 in
999 3733 1215 3797 maximarum
1236 3750 1345 3794 rerum
1368 3752 1437 3797 me-

321 3832 480 3901 ditatione
507 3834 648 3920 defixus,
677 3856 787 3899 secum
812 3832 1032 3920 concepisset,
1060 3831 1144 3897 illud
1163 3832 1272 3919 ipsum
1291 3831 1327 3895 in
1347 3852 1436 3899 com-

320 3958 452 4003 munem
478 3939 622 4003 omnium
646 3936 898 4023 intelligentiam
927 3933 1155 4022 explicaretur.
1199 3933 1282 3999 Dies
1303 3955 1357 3999 me
1380 3935 1436 4001 de·

320 4041 418 4126 liciat,
441 4041 470 4107 ei
481 4042 666 4107 Atticorum
682 4048 847 4106 oratorum
866 4046 976 4125 partes
994 4038 1088 4125 quasi
1103 4046 1135 4101 et
1150 4036 1258 4103 fontes
1274 4044 1436 4125 repetere,

320 4154 418 4233 atque
436 4166 560 4231 genera
581 4151 614 4207 et
630 4142 722 4209 velut
742 4140 884 4208 familias
905 4140 1091 4207 describere
1111 4140 1290 4207 instituam.
1336 4137 1436 4221 Quod
1495 4138 1503 4149 ”

321 4270 340 4313 e
367 4247 532 4314 veteribus
558 4249 630 4333 ipse
658 4244 716 4309 ille
749 4246 891 4331 optimus
922 4242 1126 4330 eloquentiae
1153 4243 1262 4331 judex
1293 4258 1433 4329 ewulm,

192 4417 195 4423 ,
321 4358 354 4415 et
372 4352 497 4417 recenti
517 4349 677 4415 memorii.
697 4348 780 4413 civis
797 4346 916 4411 Vester
931 4368 984 4411 me
1001 4345 1098 4431 longe
1114 4346 1271 4413 eruditior
1285 4348 1333 4413 ita
1346 4346 1433 4415 fece·

290 4471 300 4500 τ’
319 4461 412 4537 runt,
441 4462 480 4519 nt
507 4452 590 4518 nihil
622 4451 806 4519 desiderari
833 4449 947 4537 possit.
998 4447 1114 4536 Itaque
1143 4448 1226 4515 nihil
1253 4450 1361 4519 dicam
1391 4452 1433 4521 de
