3167 5192
1199 516 1264 582 223

139 707 240 752 mm:
263 687 327 771 „d
349 689 402 753 27.
423 687 542 773 ΑΨ(
572 685 686 769 Vides,
706 684 950 773 Wyttenbachi‚
971 685 1136 772 Bergium
1156 685 1266 750 'lirum
1308 715 1322 725 =

137 811 182 854 ne
205 790 395 878 praecipite
416 788 549 877 quidem
568 796 690 871 aetate,
717 789 838 854 nedum
860 789 1004 872 devexa,
1031 797 1180 854 veterum
1199 779 1264 864 trit·¹

136 894 329 960 clationem
356 875 521 976 omisisse,
550 891 816 979 philosophorum
843 893 954 958 etiam.
997 894 1030 958 A
1050 913 1104 956 me
1129 890 1264 978 quidem

136 994 395 1060 adolescentulo
417 994 549 1060 nolebat
563 994 704 1060 lectitari
719 995 906 1079 Platonem,
924 995 985 1061 sed
1004 993 1202 1060 amandabat
1220 993 1264 1058 ad

137 1097 348 1181 Homerum,
368 1097 620 1184 Xenophontem
639 1117 815 1185 rerumque
834 1100 1019 1186 scriptores.
1063 1099 1140 1164 Jam
1160 1098 1196 1161 in
1216 1095 1264 1160 hi-

137 1202 282 1266 storicis
311 1201 390 1288 quid
416 1201 489 1288 ipso
510 1199 668 1266 suadente
694 1199 918 1266 inchoaverim
941 1222 1019 1286 ego,
1051 1199 1131 1287 quid
1149 1206 1265 1286 postea

137 1303 197 1369 vel
223 1303 408 1388 effecerim,
428 1303 500 1387 rel,
522 1305 551 1368 si
568 1304 638 1368 vita
661 1310 826 1389 suppetet,
847 1302 1056 1368 absoluturus
1076 1311 1174 1389 atque
1191 1321 1263 1389 per·

136 1406 312 1493 polituras
338 1402 416 1490 sini,
446 1427 580 1470 narrare
599 1404 647 1469 nil
670 1406 797 1470 attinet.
841 1405 948 1490 Igitur
967 1404 1138 1471 Platonem
1161 1412 1263 1492 matu·

139 1510 229 1576 riori
257 1510 359 1574 aetati
380 1509 616 1576 reservandum
638 1507 845 1574 admonebat.
890 1506 996 1590 Quem
1016 1507 1169 1596 equidem
1190 1517 1263 1572 cum

137 1621 265 1698 postea
291 1613 472 1698 attigissem
506 1619 539 1677 et
564 1611 720 1680 lectiones
750 1633 880 1699 quoque
911 1610 1127 1676 academicos
1141 1608 1263 1674 habero

139 1717 350 1802 coepissem,
371 1736 471 1801 aegre
492 1717 584 1780 carui
604 1723 637 1780 et
657 1723 790 1780 auctore
812 1723 846 1778 et
866 1713 1071 1778 moderatore
1088 1712 1262 1800 araneola

140 1816 294 1882 Etenim
307 1826 385 1882 tunc
407 1818 538 1906 quidem
564 1817 661 1904 hujus
683 1825 884 1882 senectutem
904 1814 1136 1881 obscuraverat
1153 1823 1265 1902 imper

140 1928 241 1986 ortua
262 1941 308 1987 ou
329 1919 527 2008 hemiplegia
555 1919 692 2008 ejusque
716 1928 748 1984 et
767 1920 968 2001 memoriam,
984 1928 1016 1983 et
1036 1939 1150 1984 vocem
1168 1917 1264 1984 obtu·
1406 1905 1409 1915 ’

140 2023 255 2088 derat.
300 2020 367 2088 Sed
390 2031 502 2088 tamen
519 2024 555 2087 in
579 2022 638 2088 illa
658 2024 728 2088 vita
742 2021 972 2107 Marburgensi
994 2020 1074 2085 mihi
1095 2042 1169 2086 cum
1189 2020 1263 2086 doe·

140 2127 318 2192 binaeue
338 2134 407 2191 hum
426 2127 574 2192 amicitia
598 2126 773 2211 insigniter
793 2123 988 2211 profuerunt
1003 2131 1037 2188 et
1057 2121 1115 2186 ille
1135 2131 1262 2210 patrue·
1386 2205 1390 2215 ,

142 2227 187 2293 lis
211 2249 313 2316 quem
331 2226 401 2298 dixi
423 2237 456 2293 et
474 2225 679 2294 Schwemins
699 2249 788 2293 nuno
810 2225 1010 2311 Theologiac
1024 2225 1148 2290 Doctor
1166 2224 1262 2289 mihi·

143 2354 213 2420 que
235 2331 343 2397 denuo
353 2331 490 2417 junctus
502 2333 648 2396 muneris
666 2330 908 2398 necessitudine
923 2336 957 2393 et
969 2326 1157 2415 Savignyus
1171 2328 1262 2394 luris

141 2433 259 2500 civilis
281 2435 317 2498 in
335 2435 508 2500 academia
521 2434 728 2500 Berolinensi
750 2432 940 2515 Professor3
962 2432 1016 2495 cui
1035 2432 1110 2496 uiro
1127 2433 1262 2496 summis

143 2558 200 2602 mo
222 2535 343 2602 officiis
364 2537 553 2602 devinctum
572 2537 606 2602 in
629 2537 717 2601 omni
744 2537 816 2600 vita
834 2542 951 2621 gratus
967 2533 1155 2621 profitebor.
1198 2533 1262 2602 Ne·

144 2659 214 2725 que
241 2647 350 2704 tamen
377 2638 540 2725 Bangius,
572 2638 650 2704 licet
679 2638 804 2704 fractus
825 2637 1016 2725 apoplexia,
1045 2659 1112 2704 noa
1131 2657 1263 2725 persen·
1387 2629 1393 2642 ’

143 2741 270 2806 tiscere
290 2740 396 2806 sicubi
412 2746 447 2806 in
467 2741 673 2808 sermonibus
695 2741 774 2830 qnid
796 2740 968 2806 incidisset
981 2741 1068 2828 quod
1083 2739 1263 2828 ipsumadr

145 2851 311 2926 verteret,
342 2851 375 2908 et
395 2843 465 2910 lilio
485 2843 770 2933 familiaribusque
799 2845 901 2910 animi
922 2844 975 2908 sui
998 2863 1095 2908 sensa
1114 2851 1196 2908 nutu
1221 2858 1263 2906 ac

145 2954 248 3030 gestu
268 2944 465 3064 signidpare.
510 2946 579 3030 Sic,
601 2956 638 3012 ut
660 2949 690 3012 ei
708 2948 819 3012 Vitam
841 2945 932 3012 illam
949 2945 1053 3010 luam
1072 2945 1263 3012 Ruhnksnii

147 3047 335 3114 obtuleram
355 3065 493 3135 ejusque
515 3057 743 3134 argumentum
763 3049 910 3115 breviter
930 3048 1152 3131 ostenderam,
1177 3047 1262 3114 bene
1335 3041 1353 3054 ²

146 3151 358 3224 commemini
385 3151 546 3238 quomodo
572 3153 748 3239 arripuerit
775 3151 912 3233 librum,
945 3171 1052 3238 usque
1078 3150 1263 3237 deposuerit

146 3254 191 3318 de
211 3251 373 3336 manibus,
392 3253 451 3318 sed
464 3253 612 3340 pressule
633 3254 805 3320 retinuerit
821 3254 920 3319 etiam
940 3253 975 3318 in
995 3253 1069 3318 sinu
1085 3254 1170 3320 deut
1182 3263 1260 3341 'pus-

146 3355 215 3420 ruli
237 3353 293 3420 vel
313 3353 423 3441 sigilla
444 3355 497 3420 vel
518 3356 698 3443 crepundia
716 3355 795 3422 alia

220 3455 306 3540 -Me,
328 3458 356 3521 si
376 3459 524 3544 quaeris,
544 3479 607 3523 sex
624 3458 705 3545 ipsis
723 3457 891 3526 mensibus
910 3457 1116 3548 postBsugii
1136 3456 1261 3527 chun

146 3559 214 3625 huc
236 3567 388 3625 vocatum
408 3561 507 3645 scit03
529 3560 587 3626 ubi
609 3569 725 3626 anchis
743 3561 945 3649 aliquantum
966 3559 1090 3632 salano
1102 3568 1136 3626 et
1153 3563 1261 3650 copiog

148 3659 237 3728 aiore
257 3661 486 3729 Bibliothecae
504 3663 721 3752 academias
740 3672 900 3751 apparatu
919 3665 1098 3731 inchoatus
1124 3664 1262 3730 laetiora

147 3764 333 3831 sardiorum
359 3766 560 3832 incrementa
585 3767 669 3853 cepi.
724 3766 907 3832 Plurimum
930 3767 1067 3854 insuper
1090 3774 1261 3837 auxerunt

150 3886 204 3930 me
225 3865 377 3949 scientia,
402 3874 436 3932 et
450 3865 664 3934 incenderunt
684 3865 911 3955 philosophiae
923 3868 1045 3932 veteris
1064 3865 1260 3936 amore-ccl·-

148 3967 245 4054 legas
267 3969 386 4035 eruditi
407 3970 578 4056 amicique.
621 3970 673 4034 Ac
692 3967 843 4036 Doubios
863 3967 945 4037 mibi
960 3967 1261 4039 meusmeditantlo

150 4070 362 4160 docendoque
391 4072 491 4153 unice
523 4073 705 4159 exprimere
730 4070 818 4138 selle
846 4070 1021 4141 videbatur
1046 4058 1147 4154 illud,
1173 4071 1261 4157 quod

150 4175 258 4260 ipsum
276 4195 375 4262 supra
393 4176 497 4263 posui,
518 4174 669 4242 Bacenis.
690 4168 808 4263 Neque
823 4175 909 4244 enim
922 4195 1076 4263 umquam
1089 4173 1261 4261 quisquam

150 4275 324 4342 Professor
352 4276 591 4365 philosophiam
618 4299 691 4344 mm
712 4277 878 4364 theologia
899 4276 1064 4353 salubrius
1088 4274 1260 4362 copulasse

151 4379 314 4466 perudus
339 4389 400 4446 est.
451 4379 694 4469 Heidelbergae
719 4383 799 4448 item
825 4379 952 4470 abquot
978 4404 1037 4469 per
1066 4401 1171 4449 annos
1192 4382 1261 4468 egit

152 4481 360 4550 Gemina.
397 4482 472 4566 Quo
485 4505 548 4570 ego
568 4483 699 4554 homine
712 4484 797 4554 nihil
817 4486 853 4552 in
874 4486 944 4552 vita
961 4485 1164 4570 ingeniosius
1178 4484 1260 4554 vidi.
