3167 5192
1207 523 1269 586 225

155 707 324 777 meosque
343 688 564 770 obstrinxisti,
585 687 675 752 utin
694 685 833 772 singulis
857 685 971 770 robus,
992 708 1076 774 quae
1095 690 1198 755 vitam
1216 691 1272 756 ho

154 801 295 858 nestam
316 795 499 881 cultamque
519 790 669 874 reddunt,
690 793 824 876 egregia
839 791 888 856 uti
901 789 987 855 soles
1009 792 1099 858 socia
1110 793 1272 859 ministra-

156 917 230 983 qne
252 895 336 962 Iane
357 895 505 979 Gallico,
527 902 623 982 nepte
644 892 732 977 Tua,
755 915 839 980 quac
853 894 997 981 parentis
1015 893 1086 958 loco
1108 894 1156 958 Te
1176 918 1272 961 vene-

157 1007 267 1064 ratur.
282 1007 315 1064 et
336 998 476 1064 adamat.
520 997 637 1085 Neque
667 998 752 1062 enim
775 997 847 1083 ejus
868 997 1099 1062 verecundiam
1118 997 1198 1062 mihi
1218 998 1273 1064 ob

159 1123 242 1168 esse
266 1103 481 1185 committam,
501 1123 543 1167 ne
563 1110 692 1188 gratum
714 1109 802 1165 certe
824 1101 966 1164 animum
988 1100 1094 1164 eidem
1114 1099 1175 1164 hac
1196 1101 1274 1165 data

158 1205 341 1268 occasione
358 1205 523 1291 profitear.
567 1204 612 1268 Et
632 1205 718 1270 nosti
739 1204 943 1290 saepiuscule
957 1225 1083 1267 mecum
1097 1203 1208 1266 mirari
1222 1224 1274 1266 me

159 1304 336 1391 singulare
356 1307 524 1393 ingenium
545 1307 700 1392 virginis,
726 1305 990 1392 Wyttenbachi.·
1013 1303 1104 1374 Nihil
1124 1304 1182 1368 1116
1208 1325 1274 1368 mo·
1400 1310 1411 1373 ξ

161 1408 296 1474 destius
317 1409 401 1494 vidi,
416 1409 471 1476 nil
485 1409 657 1492 urbanius,
677 1407 760 1472 nihil
776 1407 915 1473 facetius
931 1406 1162 1493 eruditiusque.
1191 1406 1275 1470 Nam

164 1510 260 1597 quod
281 1510 366 1584 aliae
383 1513 420 1578 in
440 1513 560 1578 mundo
583 1533 641 1578 suo
658 1511 789 1594 habent,
811 1510 949 1593 auelles,
971 1508 1181 1596 myrothecia,
1201 1508 1275 1574 flos-

163 1613 277 1697 culos,
307 1614 389 1680 alia:
419 1638 478 1702 pro
504 1637 542 1680 eo
571 1637 610 1680 ea
630 1615 827 1697 Homerum,
854 1611 1039 1694 Platonem,
1066 1611 1276 1676 Plutarchum

164 1739 245 1782 eum
274 1715 413 1802 Virgilio
442 1717 549 1784 habet.
600 1717 715 1806 Neque
746 1727 855 1782 tamen
882 1714 996 1780 eadem
1015 1736 1074 1800 pro
1094 1714 1167 1779 fuso
1193 1715 1276 1779 cala·

165 1841 274 1902 mum,
302 1841 361 1905 pro
391 1819 467 1884 lana
487 1819 607 1885 librum
623 1828 775 1912 ¹tractare
804 1819 900 1901 solet,
927 1839 1042 1882 verum
1065 1837 1146 1904 quas
1166 1817 1239 1902 ipsa
1259 1839 1279 1880 a

167 1922 314 2008 negotiis
336 1923 429 1988 statis
453 1923 741 2011 communibusque
766 1923 864 1988 horas
885 1922 1013 2004 eximit,
1041 1941 1096 1985 eas
1119 1919 1174 1985 vel
1194 1941 1278 1984 com·

150 2023 349 2092 &mentando
369 2025 424 2090 vel
444 2025 576 2092 lectioni
597 2025 652 2092 vel
670 2025 879 2090 humanitatis
899 2024 967 2089 6616
985 2022 1107 2110 sparsis
1126 2021 1279 2085 sermoni-

168 2127 233 2193 bus
262 2127 346 2192 solet
364 2127 562 2214 impendere.
607 2129 723 2216 Itaque
750 2136 787 2192 ut
810 2128 906 2192 uxori
926 2147 1018 2191 meae
1037 2126 1073 2188 in
1093 2145 1204 2188 rerum
1224 2124 1279 2188 do-

169 2229 382 2294 mesticarum
404 2232 491 2296 euris
512 2253 571 2298 suo
588 2230 723 2298 consilio
738 2229 862 2295 utiliter
875 2229 996 2312 adfuit,
1015 2229 1063 2293 116
1080 2228 1116 2291 in
1136 2226 1280 2291 literaria

170 2354 295 2418 genere
319 2331 524 2418 negotiorum
545 2332 625 2398 mihi
650 2334 724 2399 16116
741 2331 983 2398 611161661661616
1003 2330 1204 2396 internuntia
1225 2352 1280 2395 ex·

173 2436 270 2500 stitit.
314 2435 429 2522 Neque
455 2436 561 2520 jactat
588 2457 660 2502 sese
682 2437 718 2500 in
740 2436 786 2500 eis
811 2443 844 2500 61
869 2434 993 2522 ingenii
1016 2442 1049 2500 et
1068 2434 1281 2498 institutionis

170 2537 287 2622 bonis,
317 2538 376 2604 sed
402 2548 440 2604 ut
470 2545 614 2604 ceterum
642 2537 875 2604 candidissima
903 2545 1008 2603 66161
1032 2535 1282 2624 simplicissima,

171 2640 220 2706 ita
248 2661 289 2706 66
312 2641 386 2727 ipsa
413 2639 597 2708 dissimulat
620 2648 653 2706 et
673 2641 827 2726 contegit.
872 2639 1018 2728 Oumque
1039 2640 1141 2704 latine
1166 2637 1284 2704 calleat

175 2740 376 2825 luculenter,
397 2763 551 2827 61666661
568 2744 665 2808 etiam
689 2763 871 2808 sermonem
888 2763 955 2807 non
968 2743 1086 2807 leviter
1100 2739 1284 2808 combibere

172 2846 333 2932 coeperit,
357 2844 501 2912 franciee
529 2853 638 2912 autem
664 2867 726 2911 nec
747 2846 855 2911 minus
876 2845 1063 2931 germanice
1085 2847 1132 2910 ita
1153 2843 1283 2927 scribat,

173 2956 212 3012 ut
231 2946 381 3032 ambigas
398 2955 507 3014 utrum
527 2948 727 3014 commodius
743 2947 858 3012 faciat:
878 2957 987 3012 tamen
1008 2969 1110 3034 usque
1128 2955 1162 3012 et
1181 2965 1285 3034 usque

173 3051 294 3138 premit
314 3071 398 3138 quae
423 3059 640 3116 commentata
661 3058 726 3133 est3
748 3071 855 3136 neque
880 3070 1033 3136 umquam
1053 3049 1194 3115 arbitror
1220 3049 1306 3113 edi·v

173 3162 246 3218 tum
266 3153 324 3238 iri,
348 3154 385 3218 ni
410 3151 462 3218 'ru
482 3154 590 3239 patria
614 3153 718 3218 616116
739 3159 900 3238 potestate
921 3153 957 3216 in
979 3173 1065 3235 eam,
1095 3173 1179 3240 quae
1199 3151 1287 3216 filiae

174 3257 332 3343 pietatem
345 3254 422 3320 Tibi
439 3265 583 3343 praestat
599 3257 634 3322 in
655 3254 729 3320 aliis
746 3255 844 3320 rebus
864 3253 1026 3320 omnibus.
1070 3254 1188 3320 haunt
1207 3275 1287 3319 voro

176 3367 214 3424 ut
234 3359 270 3424 iu
285 3359 390 3446 ipsius
405 3357 550 3426 moribus
569 3379 607 3424 ac
629 3379 787 3442 sermone,
811 3359 859 3423 616
879 3358 960 3422 item
981 3357 1017 3421 in
1032 3357 1188 3444 epistolis,
1206 3374 1289 3446 quae

176 3461 275 3526 istinc
302 3460 521 3543 missitantur,
559 3460 660 3526 mirae
695 3460 855 3548 quaedam
885 3461 1034 3546 argutiae
1063 3481 1103 3524 ac
1131 3458 1289 3543 Veneres,
1364 3525 1367 3530 .

176 3563 332 3649 adjuncto
354 3563 496 3630 candore
518 3572 551 3628 et
571 3560 727 3647 virginali
748 3562 890 3651 quadam
911 3564 947 3628 in
965 3563 1047 3650 ipsis
1069 3582 1198 3649 quoque
1216 3583 1289 3626 ver·

176 3664 231 3730 bis
259 3667 434 3752 conspicua
459 3665 626 3752 pudicitia.
676 3665 761 3732 Nam
781 3665 918 3731 Vestras
940 3665 1021 3730 scito
1044 3664 1198 3752 epistolas
1220 3687 1290 3730 cre·

178 3767 239 3834 bro
259 3767 320 3834 sub
342 3768 454 3836 oculos
472 3769 621 3835 revocari
643 3789 664 3834 a
685 3768 799 3853 nobis,
819 3769 968 3855 interque
989 3789 1065 3851 nos,
1086 3768 1123 3832 id
1144 3779 1211 3854 est,
1235 3792 1291 3836 eos

179 3871 280 3955 inter,
301 3871 494 3958 quibuscum
513 3873 612 3954 seria,
630 3872 764 3959 jocosa,
786 3871 928 3955 occulta,
949 3885 1081 3944 arcana·
1094 3874 1217 3955 omnia,
1247 3872 1292 3936 le·

180 3974 306 4057 ctitari3
327 3996 401 4038 cum
421 3975 610 4039 memoriam
623 3975 775 4042 Vestram
795 3975 1065 4059 redintegramus,
1086 3964 1174 4060 quod
1194 3995 1302 4061 saepe.

182 4076 336 4160 facimus,
358 4085 391 4142 et
412 4097 606 4162 congressus
627 4079 722 4145 nobis
744 4079 898 4161 Vestros,
924 4077 1063 4142 rescisso
1082 4076 1176 4164 quasi
1197 4077 1295 4162 spatii

181 4180 402 4268 temporisque
432 4177 623 4262 intervallo,
655 4181 820 4248 nobismet
847 4180 1071 4246 adsciscimus.
1122 4178 1231 4265 Atque
1260 4181 1295 4243 in

184 4281 250 4366 Te,
276 4280 527 4371 Wyttenbachi,
552 4303 619 4346 nou
645 4284 828 4352 officiorum
856 4283 953 4349 modo
975 4284 1010 4348 in
1031 4301 1084 4345 me
1105 4280 1296 4346 collatorum
1380 4345 1384 4353 ,

184 4383 392 4452 multitudine
420 4407 492 4450 sum
521 4393 690 4474 expertus,
721 4409 835 4452 verum
864 4388 962 4452 etiam
981 4383 1070 4450 omni
1096 4384 1184 4448 vitae
1206 4382 1297 4448 Tuae

186 4487 313 4552 actione
341 4487 550 4576 moribusque
578 4509 618 4555 ec
644 4488 842 4575 collegarum
871 4485 1170 4575 discipulorumque
1192 4486 1228 4551 in
1250 4485 1298 4551 'Pe

237 4611 352 4656 66666.
376 4611 491 4656 croso.
1051 4586 1091 4648 15
