3167 5192
1009 453 1275 578 sper

92 687 104 698 ⁸
160 662 548 752 conjunctissimas-esse
570 670 603 727 et
628 655 699 748 lpse
720 661 876 728 credebat
897 669 931 726 et
951 661 1024 726 aliia
1040 663 1276 749 persuadebam

159 787 307 855 cumque
328 787 448 854 graece
463 761 629 852 latineque
649 763 738 829 haud
757 762 938 848 vulgariter
951 763 1066 829 doctus
1084 774 1180 849 esset,
1196 785 1277 853 qua·

160 873 218 937 vis
238 869 317 935 data
337 869 507 933 occasione
524 867 694 958 utriusque
715 867 873 930 sermonis
894 863 1087 932 addiscendi
1105 874 1139 931 et
1156 867 1277 934 utilita-

159 983 233 1040 tem
256 980 290 1038 ct
312 969 410 1036 decus
434 966 634 1056 explicabat,
659 968 865 1054 juvenesque
893 967 1076 1032 medicinae
1096 969 1206 1034 surdis
1224 989 1277 1036 aes

159 1075 330 1140 mulantes
359 1072 402 1138 ad
429 1071 536 1137 fontes
564 1070 659 1154 artis,
689 1068 914 1156 Hippocratis,
946 1067 1066 1134 Galeni
1095 1079 1128 1137 et
1154 1073 1277 1159 optima

161 1197 316 1266 quaeque
331 1175 532 1242 Graecorum
553 1171 753 1238 medicorum
767 1170 889 1257 scripta
908 1171 1097 1238 revocabat.
1142 1173 1205 1242 Oui
1227 1174 1277 1240 rei
1339 1189 1343 1197 ’

162 1282 289 1368 optime
311 1281 445 1365 insuper
458 1273 622 1340 consuluit
639 1271 786 1361 parando
806 1272 973 1357 librorum,
992 1297 1058 1363 quo
1078 1294 1133 1340 ars
1148 1276 1278 1342 medica

162 1383 365 1465 illustratur,
386 1378 588 1466 amplissimo
607 1374 811 1463 thesauro*).
857 1371 947 1457 Quos
973 1374 1075 1444 libros
1101 1378 1222 1445 Noster
1240 1381 1277 1446 in

162 1483 379 1574 lectionibus,
396 1488 493 1570 prosu
514 1481 673 1568 cujusque
694 1479 758 1544 loci
779 1477 967 1565 explicandi
981 1481 1169 1568 explicitive
1193 1485 1277 1549 ratio

162 1585 311 1669 ferebat,
340 1582 509 1671 discipulis
537 1581 755 1670 proponebat,
781 1589 819 1646 ut
837 1577 996 1647 haberent
1014 1586 1118 1670 unde,
1139 1587 1277 1652 decurso

162 1685 354 1754 academiae
377 1683 500 1769 madio,
529 1686 558 1750 si
580 1683 717 1767 vellent,
747 1691 862 1769 suopte
888 1683 997 1749 studio
1017 1688 1098 1752 artis
1120 1689 1277 1774 cognitio·

163 1813 244 1856 nem
264 1787 394 1877 plenius
415 1789 642 1876 copiosiusque
662 1794 820 1874 peterent.
866 1785 963 1865 Quod
988 1807 1087 1874 quam
1114 1790 1215 1856 fuer-it
1235 1811 1278 1856 ex

162 1915 280 1960 eorum
301 1891 493 1975 rationibus,
513 1890 570 1978 qui
589 1909 687 1976 supra
708 1887 828 1973 vulgus
851 1908 966 1975 sapere
984 1899 1188 1976 conarentur,
1209 1911 1277 1958 mo·

163 2017 247 2062 nere
273 2013 340 2060 non
367 1993 493 2059 attinet.
544 1991 632 2057 Illud
654 2011 734 2055 vero
762 1990 871 2054 minus
895 1989 1117 2078 probandum,
1139 1995 1276 2082 quodsi

157 2099 321 2185 juvenem
344 2095 511 2162 erectioris
529 2093 655 2179 ingenii
675 2100 797 2175 nosset,
820 2111 893 2158 eum
914 2089 1072 2160 librorum
1092 2098 1277 2182 promiscue

163 2199 424 2286 conquisitorum
445 2201 541 2286 copia
562 2194 731 2262 obruebat.
1275 2179 1282 2198 ¹

253 2301 407 2368 Ceterum
422 2302 463 2365 in
484 2307 555 2364 arte
577 2319 639 2363 sua
658 2294 789 2362 assiduo
804 2316 868 2360 usu
888 2293 973 2361 illud
987 2308 1180 2366 commutas
1196 2310 1275 2387 erat,

161 2412 201 2470 ut
228 2404 313 2469 mim
331 2403 488 2468 facultate
509 2400 658 2488 polleret·
674 2397 861 2464 morborum
884 2419 902 2462 c
924 2399 993 2464 suis
1025 2399 1130 2486 signis
1157 2422 1277 2490 cognoa

165 2504 376 2572 tuendorum.
403 2504 454 2570 Eo
478 2504 584 2588 magis
606 2503 803 2570 abhorrebat
824 2521 926 2567 senex
946 2501 989 2566 ab
1005 2521 1117 2569 corum
1136 2504 1277 2592 placitis,

164 2610 224 2696 qui
250 2607 349 2673 hodic
374 2627 485 2673 rerum
512 2605 713 2671 medicatum
742 2625 901 2670 summam
929 2604 1001 2670 sola
1026 2606 1154 2671 ratione
1175 2609 1277 2675 conti·

162 2711 238 2776 neri
258 2709 389 2793 volunt,
407 2718 445 2775 ut
465 2709 521 2796 qui
544 2715 714 2792 statueret,
744 2727 920 2794 numquam
940 2706 1012 2771 fiori
1031 2727 1144 2795 posse,
1165 2717 1203 2774 ut
1221 2722 1277 2777 res

163 2811 357 2878 conficiatur
379 2810 543 2878 subtiliter
565 2807 776 2897 disputando,
809 2810 874 2873 nisi
895 2809 992 2875 simul
1014 2808 1144 2875 assidue
1166 2802 1285 2877 obser-⁴

163 2912 276 2980 vando
300 2912 493 2998 cognoveris
520 2910 708 2976 morborum
736 2920 769 2975 et
789 2931 923 2977 caussas
945 2919 978 2977 et
998 2912 1153 2978 decursus
1174 2914 1277 2980 vires-

164 3037 230 3104 que
249 3013 558 3080 medicamentorum
577 3012 613 3078 in
633 3033 835 3100 quorumque
852 3037 973 3101 genere
986 3037 1157 3104 corporum
1178 3024 1276 3104 atque

163 3117 363 3184 morborum.
742 3105 747 3118 '

251 3219 386 3286 Gloriae
414 3217 443 3282 si
469 3216 598 3305 quaudo
624 3215 771 3305 cupidior
797 3216 986 3304 videbatur,
1013 3220 1189 3286 tenendum
1211 3229 1276 3286 est:

127 3373 132 3381 .
164 3333 198 3390 et
220 3330 300 3410 quot
322 3320 515 3410 quantisque
534 3317 591 3384 ille
612 3327 748 3384 neutrae
769 3318 865 3385 bouis
888 3330 1022 3387 ornatus
1044 3321 1157 3407 fuerit,
1178 3345 1275 3412 quam

163 3447 241 3491 acre
260 3423 438 3511 judicium,
467 3443 550 3509 quae
569 3420 744 3486 memoriae
765 3421 833 3504 vis,
860 3443 964 3509 quam·
978 3423 1148 3491 subactum
1168 3426 1275 3492 multi·

162 3526 244 3616 plici
263 3525 412 3591 doctrina
432 3525 617 3610 ingenium,
647 3543 808 3610 quamque
830 3524 970 3592 feliciter
991 3528 1079 3594 idem
1101 3528 1161 3594 hos
1183 3537 1273 3595 natu·

162 3649 221 3694 rae
242 3625 498 3716 disciplinaeque
520 3626 646 3692 fructus
669 3625 703 3691 in
724 3623 862 3693 aliorum
883 3650 978 3693 usum
997 3632 1182 3718 contuderit,
1203 3634 1275 3700 sive
1360 3666 1370 3695 ·.

236 3853 263 3922 *)
281 3857 351 3907 Eam
368 3853 566 3906 Bibliothecam
585 3854 730 3921 descripsit
747 3854 936 3922 Hirsching
953 3856 983 3906 in
999 3855 1069 3908 libro
1087 3859 1135 3924 qui
1152 3859 1277 3910 inscribi·

166 3948 224 3994 tur:
243 3943 366 3994 Versuch
384 3943 458 3993 einer
475 3941 680 4009 Beschreibung
691 3942 1276 4014 sehenswiirdigerBibliothclrenslcutach·

166 4030 256 4084 laude.
271 4029 385 4096 Erlang.
404 4027 561 4080 1787.v01.
581 4030 620 4086 11.
639 4031 715 4081 Part.
734 4031 758 4082 1.
775 4032 845 4098 Peg.
865 4031 917 4082 425
934 4047 994 4097 sqq.
1030 4033 1187 4099 Insigniora
1203 4035 1277 4086 Bal·

166 4120 332 4185 dingerus
349 4118 409 4184 ipse
423 4116 467 4167 vel
482 4115 607 4168 laudavit
625 4118 669 4168 vel
687 4119 833 4186 descripsit
849 4120 879 4169 in
896 4119 958 4170 dem
974 4119 1186 4171 medicinischeu
1196 4123 1277 4175 Jour-

162 4207 208 4258 nal
223 4207 344 4272 itemque
361 4206 391 4255 in
402 4203 464 4255 dem
484 4219 572 4256 neuen
590 4205 719 4272 Magaain
732 4207 776 4258 fiir
787 4207 897 4259 Aerute.
914 4209 1016 4259 Postea
1033 4208 1178 4259 universae
1194 4209 1277 4276 hujus

167 4293 355 4347 Bibliothecae
373 4291 535 4359 catalogum
553 4293 716 4359 conscripsit
734 4296 780 4348 Jo.
804 4295 877 4348 Guil.
901 4295 1064 4360 Conradi,
1086 4294 1128 4346 vir
1151 4295 1277 4348 doctissi-

163 4397 230 4447 mus,
249 4397 322 4433 nunc
345 4381 374 4432 in
395 4381 545 4434 Academia
563 4381 739 4450 Gottingensi
759 4383 903 4437 Professor
924 4384 1077 4436 Medicinae
1098 4384 1131 4435 P.
1156 4383 1276 4452 0.1psa

167 4487 237 4524 nuuc
254 4474 411 4524 mservatur
427 4471 597 4526 Darmstadii
612 4470 760 4538 conjuncta
774 4487 836 4525 cum
853 4469 1026 4526 Bibliotheca
1041 4471 1186 4542 Principis.
