3167 5192
299 492 360 555 172

294 661 415 727 stantia
446 660 509 727 bac
536 660 607 727 sola
630 660 736 725 brutis
758 658 874 726 cedere
910 660 1054 745 videtur,
1084 660 1171 749 quod
1189 660 1286 727 bomo
1307 669 1341 726 et
1360 660 1410 725 la-

294 762 390 831 borat
407 763 554 830 crebrius
577 772 610 829 et
629 762 795 829 difficilius
818 771 962 829 sanatur.
1007 764 1118 845 Quare
1139 764 1174 828 in
1196 784 1235 829 eo
1257 762 1408 829 curando

294 875 419 933 mature
438 866 611 933 artificium
632 866 831 954 quaesitum,
854 866 1083 955 expetitaequo
1103 864 1240 949 herbae,
1263 864 1306 930 ad
1322 888 1407 954 quas

274 970 498 1059 ‚indagandas
519 970 608 1037 baud
628 968 787 1035 absonum
807 968 885 1037 fidei
907 978 957 1035 est
973 967 1148 1035 nonnullae
1166 966 1289 1035 bestias
1295 1017 1305 1051 ,
1337 990 1405 1033 ser-

293 1083 408 1162 pentes
429 1076 581 1155 maxime,
603 1072 721 1137 ceteris
743 1074 938 1161 sagaciores,
960 1070 1147 1139 rudioribus
1161 1070 1291 1159 populis
1308 1074 1406 1160 quasi

293 1176 368 1243 viae
385 1176 485 1243 duces
506 1175 626 1259 fuisse,
646 1195 784 1261 quarum
805 1172 972 1241 solertiam
992 1172 1042 1239 illi
1059 1174 1274 1241 imitarentur.

378 1276 494 1365 ltaque
519 1276 608 1365 quod
632 1276 668 1341 in
693 1274 830 1365 reliquis
858 1276 1053 1343 animalibus
1081 1285 1217 1341 naturae
1245 1284 1312 1363 est,
1343 1278 1407 1343 boo

294 1381 373 1445 artis
394 1378 555 1446 beneficio
577 1388 747 1467 acceptum
768 1378 870 1445 refert
891 1378 1085 1445 humanitas.
1129 1378 1175 1445 At
1195 1377 1284 1467 quali
1304 1378 1405 1445 bene-

293 1482 392 1549 ficio?
436 1482 612 1566 Nimirum,
639 1503 704 1570 quo
732 1480 840 1547 demto
867 1482 994 1571 reliqua
1016 1482 1139 1566 omnia,
1166 1489 1324 1571 quotquot
1346 1504 1404 1547 nu-

290 1593 459 1651 merantur
480 1585 650 1653 commoda
669 1586 775 1668 ritae,
804 1585 998 1673 injucunda,
1017 1585 1157 1669 caduca,
1179 1586 1291 1651 inania
1312 1607 1403 1671 repe-

293 1689 428 1753 riantur.
472 1688 602 1776 Quippe
622 1688 658 1753 in
680 1708 805 1752 summa
826 1708 925 1774 opum
943 1688 1102 1775 cujusque
1118 1688 1249 1774 generis
1266 1686 1403 1753 affluen-

292 1790 340 1854 tia
357 1790 546 1877 ingeniique
570 1792 716 1878 copiast
736 1790 946 1874 dexteritate,
966 1792 1031 1855 nisi
1053 1812 1169 1879 eorpus
1188 1790 1284 1855 simul
1302 1790 1403 1855 animi

292 1895 410 1979 optatis
442 1891 655 1981 obsequatur,
687 1892 787 1957 miser
815 1900 848 1955 et
880 1892 943 1956 oris
974 1900 1007 1958 et
1027 1892 1125 1958 tibi
1116 1894 1180 1979 ipsi
1203 1912 1270 1957 non
1295 1898 1404 1957 minus

284 2012 390 2112 quam
412 1992 486 2059 aliis
507 1994 686 2060 videberis.
731 1993 940 2091 Quicunque
951 1996 1051 2090 igitur
1072 2016 1189 2082 eorpus
1213 1996 1315 2059 menti
1336 2018 1404 2061 mo·

291 2097 436 2182 sigerum
457 2097 652 2181 reddunt,
642 2098 667 2162 ri
693 2096 893 2215 reliquorum
918 2080 1076 2187 quidquid
1100 2097 1285 2185 jucundum
1305 2096 1405 2161 babe-

292 2207 345 2265 tur
364 2199 437 2286 ejus
457 2222 553 2265 usum
581 2147 676 2266 nbbis
697 2202 867 2287 porrigere
891 2201 1029 2289 putandi
1050 2210 1135 2266 sunt
1180 2199 1290 2281 Quare
1313 2207 1405 2265 reete

292 2300 363 2385 ille,
386 2302 474 2391 apud
490 2302 732 2391 Aeschylum*)
753 2302 798 2369 ad
816 2301 955 2370 Caucasi
973 2303 1143 2391 scopulum
1162 2302 1303 2387 affixus,
1323 2302 1403 2368 Pro-

292 2404 453 2483 metheus,
474 2427 539 2493 quo
557 2404 699 2491 injuriae
720 2404 784 2470 sibi
805 2404 916 2471 illatae
936 2427 1068 2476 sensum
1087 2428 1222 2473 suorum
1240 2408 1276 2474 in
1297 2428 1404 2495 genus

292 2506 468 2571 humanum
496 2507 683 2571 meritorum
711 2508 911 2573 conscientia
936 2509 1080 2594 mitiget,
1109 2518 1142 2575 et
1167 2509 1308 2598 plurima
1339 2511 1406 2577 alia
1495 2596 1496 2599 Ἴ

292 2616 522 2675 commemorat
543 2630 565 2673 a
585 2630 621 2673 se
649 2607 824 2674 salubriter
845 2614 1029 2696 excogitata
1052 2620 1084 2677 et
1104 2613 1287 2679 medicinae
1306 2616 1404 2681 ratio-

240 2773 243 2782 ,
292 2732 351 2776 nes
369 2732 390 2774 a
412 2732 448 2775 se
468 2710 620 2775 inventas
642 2708 812 2795 gloriatur.

306 2813 484 2901 Atque
515 2810 719 2899 praeclarum
749 2809 833 2875 illud
862 2811 941 2875 artis
973 2813 1125 2881 salutaris
1156 2816 1327 2885 inventum
1349 2842 1405 2905 ge-

291 2918 393 2986 stiens
413 2913 779 3007 fabularumbsuavitate
800 2914 975 3003 antiquitas
997 2918 1134 2985 mirifice
1155 2924 1317 3009 expressit
1334 2946 1405 3011 my-

290 3020 347 3086 tho
369 3020 411 3085 de
432 3018 623 3105 Aesculapii
643 3013 825 3097 natalibus,
856 3014 1053 3084 educatione
1069 3029 1102 3085 et
1124 3022 1294 3089 institutis.
1342 3024 1404 3091 Cui

289 3133 456 3211 tamqnam
477 3120 623 3187 medicae
645 3121 724 3185 artis
744 3116 889 3205 praesidi
917 3140 991 3185 oum
1013 3120 1078 3186 alia
1099 3124 1259 3196 nonnulla
1280 3126 1405 3191 anima·

288 3224 336 3290 lia
347 3222 639 3313 adjungebant**),
650 3232 720 3288 tum
736 3221 912 3309 praecipue
927 3232 1120 3311 serpentem,
1137 3248 1234 3313 quarn
1252 3226 1404 3312 bestiam,
1480 3238 1483 3259 ¹

291 3326 381 3391 ducti
399 3326 485 3392 forte
516 3346 555 3389 ea
582 3324 827 3407 observatione,
854 3346 951 3411 quam
979 3348 1079 3413 supra
1096 3328 1207 3415 attigi,
1229 3338 1267 3394 ut
1286 3326 1404 3396 salutis

289 3428 497 3515 geniumm)
525 3426 685 3512 singulari
712 3426 853 3515 quadam
872 3429 1082 3494 veneratione
1107 3430 1402 3522 prosequebantur.

360 3670 387 3738 ⁴¹)
406 3672 543 3724 Prometh.
562 3673 649 3724 rinot.
667 3687 696 3724 v.
714 3671 767 3723 478
783 3685 844 3737 sqq.

359 3757 402 3825 **)
421 3759 460 3810 Ut
480 3759 596 3825 gallum,
620 3760 729 3827 lupum,
748 3774 860 3825 caprum
876 3759 905 3809 in
923 3758 1054 3827 Epidauri
1072 3761 1160 3812 numis
1178 3746 1292 3815 Eolrbel.
1312 3765 1350 3817 D.
1369 3766 1404 3819 N.

289 3847 324 3898 V.
344 3845 421 3897 Part.
439 3846 464 3898 I.
482 3846 544 3897 Vol.
563 3848 601 3897 11.
621 3863 685 3915 pag.
703 3845 764 3898 289.

360 3932 421 4001 Μ)
441 3932 484 3983 Cf.
503 3934 614 3998 Begsr
629 3936 662 3984 de
679 3937 757 3984 nanda
775 3932 959 3998 serpentisen’s.
979 3934 1075 3985 colon.
1093 3934 1290 3990 Marobl'102.
1311 3956 1339 4005 p.
1360 3942 1403 3992 11.

289 4021 420 4087 Aegyptii
443 4020 553 4086 quidam
575 4020 736 4071 dracunculi
757 4020 992 4086 Apatbodaemones
1016 4020 1092 4086 (boni
1111 4008 1325 4090 geniilvocati,
1350 4044 1406 4079 ser-

289 4110 465 4174 pentiumque
480 4108 599 4172 allapsus
617 4108 682 4157 boni
701 4108 799 4157 ominis
817 4108 877 4159 loeo
893 4108 1012 4159 habitus.
1040 4108 1108 4159 Inde
1125 4124 1236 4175 serpens
1246 4112 1406 4181 Aesculapio

225 4215 227 4218 ·
291 4200 320 4246 et
337 4196 438 4264 Hypios
453 4196 613 4261 saepissime
626 4195 655 4244 in
671 4196 760 4245 numia
778 4194 939 4263 adjunctus,
959 4196 1062 4249 liokbel.
1083 4195 1102 4247 l.
1122 4213 1146 4249 o.
1171 4198 1233 4250 Vol.
1252 4199 1302 4253 IV.
1321 4218 1350 4267 p.
1371 4204 1405 4255 34

292 4297 334 4348 sq.
370 4284 458 4346 Quam
480 4284 583 4333 iurem
602 4282 696 4345 docte,
715 4287 746 4332 ut
764 4283 882 4346 adsolet,
907 4283 1038 4334 nonnulla
1055 4282 1110 4334 alia
1128 4284 1243 4335 contulit
1266 4288 1405 4339 Boetti-

290 4384 348 4435 ger
360 4370 390 4421 i'n
407 4386 439 4423 eo
457 4371 563 4435 libello,
587 4372 635 4437 qui
657 4372 829 4422 inscribitur:
854 4371 898 4421 die
916 4370 1139 4437 heilbrinqenden
1157 4372 1269 4437 thter,
1295 4375 1401 4428 Vimar.

293 4456 380 4509 180&
390 4485 424 4495 -
444 4458 570 4511 Ceterum
588 4459 725 4525 reptilium
741 4457 845 4523 injecta
861 4460 963 4511 mentio
986 4459 1113 4513 admonet
1130 4459 1184 4539 loci
1198 4462 1401 4531 Xenophontoi‚
