3167 5192
1180 481 1190 495 ¹
1211 451 1270 528 nt

157 631 240 698 dum
261 643 348 717 erat,
370 625 514 699 debebat
533 627 710 717 repausatio
733 630 896 720 ammari-
930 591 1074 696 Diditur
1090 633 1177 698 enim
1197 633 1271 700 Plu·

157 735 274 800 tarcho
302 733 325 800 l.
345 735 368 800 l.
402 728 421 800 ὁ
449 737 512 799 τοῦ
539 738 730 820 Λικυμνίου
758 731 878 820 σηκός,
912 757 954 802 ex
984 754 1046 798 usu
1070 738 1273 810 accuratiore

156 837 323 923 pedestris
346 832 521 920 orationis3
549 858 613 926 quo
643 835 819 923 cujuslibet
848 837 957 902 herois
986 838 1121 920 τέμενος
1141 839 1273 924 proprie

159 937 334 1004 dicebatur
352 936 464 1023 σηκός.
508 938 616 1003 Docet
634 937 755 1003 Pollux
777 939 825 1025 (in
847 937 1015 1004 Onomast.
1039 937 1065 1003 I.
1092 943 1119 1002 1.
1137 944 1166 1004 6.
1190 961 1222 1026 p.
1241 944 1271 1004 5.

158 1039 375 1124 Hcmsterh.).
401 1080 444 1091 -
470 1039 648 1125 Quocirca,
675 1051 710 1106 ut
736 1063 799 1107 arx
823 1039 881 1105 illa
908 1041 1089 1128 appellatur
1117 1027 1294 1124 Aradpvu'

158 1141 230 1226 (rel
258 1141 344 1207 forte
369 1143 557 1230 Λίυυμυυ),
587 1143 635 1208 ita
662 1143 847 1265 sepulcrum
872 1161 937 1210 uno
963 1145 1093 1208 nomine
1114 1143 1274 1230 appellari
1301 1205 1302 1210 ,

158 1242 320 1308 debebat:
340 1239 379 1308 ro*
401 1240 592 1327 Λικυμνίου
611 1248 666 1310 vel
684 1241 723 1310 τὸ
743 1250 960 1331 Λικυμυείου.
997 1245 1111 1332 Neque
1132 1245 1273 1332 denique

90 1396 91 1399 ,
157 1347 193 1409 in
213 1345 388 1464 Tirynthia
409 1347 583 1412 ruderibus
605 1347 746 1434 sepulcri
762 1348 920 1476 reliquiae
938 1367 1110 1436 superesse
1127 1356 1273 1432 possunt,

159 1471 289 1532 verum,
312 1451 342 1513 si
364 1449 470 1532 ruodo,
490 1451 587 1514 arcis

245 1550 406 1667 Myqenes
430 1549 565 1633 rudera,
593 1551 636 1616 de
663 1551 782 1640 quibus
813 1548 893 1615 alibi
920 1571 972 1614 me
996 1550 1107 1616 dicere
1131 1551 1273 1632 memini,

159 1673 278 1718 rursus
307 1653 507 1725 intuentem
535 1663 669 1718 revocat
694 1653 755 1718 hoc
776 1655 883 1740 ipsum
908 1651 1012 1718 libelli
1040 1653 1137 1739 huJus
1169 1661 1274 1739 eaput,

160 1755 250 1843 quod
271 1758 408 1833 Bararus
423 1760 622 1836 Moeranum
637 1753 837 1820 inscribitur.
867 1755 960 1820 Idem
979 1757 1065 1819 enim
1080 1753 1291 1820 Guilielmus'

160 1857 247 1948 Gall
262 1856 378 1921 eodem
392 1857 427 1920 in
443 1855 527 1922 libro
544 1857 674 1922 illorum
689 1858 854 1922 moenium
872 1855 981 1943 plures
999 1859 1109 1922 icones
1128 1855 1276 1924 exhibuit

160 1969 193 2024 et
214 1979 298 2023 vero
319 1956 434 2024 abula
456 1963 505 2023 10.
527 1979 640 2043 unam,
669 1980 752 2046 quae
773 1967 887 2044 portae
908 1957 1054 2042 leonum,
1076 1960 1170 2045 cujus
1193 1961 1275 2036 Pau-

161 2063 275 2125 sanias
299 2059 360 2136 (II.
386 2063 435 2130 16.
458 2065 507 2144 4.)
534 2062 730 2126 mentionem
758 2061 855 2144 facit,
885 2061 1051 2148 aliquanto
1086 2061 1275 2148 ampliorem

161 2166 309 2252 speciem
331 2170 542 2248 representat,
563 2162 645 2228 haec
666 2163 791 2257 addens
806 2165 841 2226 in
858 2163 1074 2250 descriptione
1090 2165 1163 2250 ipsa
1185 2165 1274 2250 (pag.

161 2269 248 2347 37.):
287 2264 464 2347 „Between
490 2264 581 2328 them
610 2264 679 2352 (the
706 2265 806 2342 lions)
833 2266 861 2328 is
887 2288 908 2329 a
929 2265 1151 2333 senriuircular
1168 2265 1275 2352 pillar,

160 2367 273 2433 which
294 2365 401 2451 might
421 2364 463 2429 be
482 2365 592 2430 called
610 2365 731 2450 Dorio,
757 2374 809 2432 but
831 2375 854 2433 it
874 2373 1046 2434 diminutes
1061 2372 1144 2446 from
1162 2373 1209 2434 the
1225 2389 1275 2432 co-

158 2478 240 2552 pitol
262 2480 291 2533 to
311 2473 359 2532 tlte
379 2473 465 2550 base,
488 2468 595 2532 which
621 2471 762 2534 consiste
784 2471 819 2534 in
846 2493 866 2535 a
885 2469 1004 2535 double
1025 2474 1150 2536 torus.“
1191 2469 1276 2536 Nolo

162 2593 253 2638 nunc
273 2569 430 2654 recolere,
453 2571 599 2657 qualium
617 2571 877 2657 conjecturarum
897 2595 939 2638 ex
956 2575 1021 2640 ista
1035 2573 1122 2640 Gelli
1136 2572 1277 2638 delinea-

163 2676 257 2740 tione
287 2682 324 2738 et
342 2671 560 2759 explicatione
582 2695 696 2739 ausam
718 2677 857 2762 captarit
878 2675 964 2740 Hirt.
985 2675 1027 2741 V.
1052 2675 1103 2742 Ol.
1128 2677 1163 2740 in
1184 2676 1275 2742 Frid.
1375 2746 1378 2752 ,
1495 2757 1496 2764 ¹

163 2778 255 2862 Aug.
275 2773 392 2842 Wolfii
411 2773 580 2855 Analectis
601 2776 773 2847 Literariis
795 2779 838 2866 (Ι.
860 2801 891 2866 p.
912 2781 971 2844 156
993 2779 1096 2866 sqq.):
1119 2778 1201 2844 illud
1215 2778 1277 2844 hac

164 2878 245 2944 data
267 2877 439 2942 occasione
456 2875 608 2960 referam,
630 2901 703 2944 esse
725 2901 826 2966 penes
847 2903 900 2944 rue
916 2881 1062 2966 ejusdem
1078 2891 1190 2968 portae
1206 2881 1277 2969 My-

164 3001 309 3045 cenaeae
337 2979 498 3065 picturam
519 2979 690 3066 linearem,
720 3004 740 3045 a
759 2982 937 3066 Fauvelio,
965 2982 1197 3050 Francicorum
1219 3005 1278 3070 per

165 3082 344 3148 Graeciam
366 3082 572 3171 negotiorum
599 3107 703 3172 nuper
724 3093 890 3169 curatore,
924 3083 1161 3168 adumbratam,
1195 3105 1277 3172 quae

163 3183 258 3249 illam
286 3183 475 3279 columnamx
498 3186 533 3248 in
561 3185 634 3252 basi
662 3189 796 3253 minime
828 3187 1076 3252 contractiorem
1108 3193 1278 3270 monstrat,

165 3288 366 3375 omninoque
394 3289 482 3355 illius
510 3302 623 3378 portae
650 3291 860 3376 grandiorem
885 3288 1051 3377 aliquanto
1073 3287 1278 3354 nobiliorem-

165 3410 231 3476 que
253 3389 443 3476 adspectum
465 3393 615 3478 praebet,
640 3415 701 3457 nec
722 3391 924 3478 improbatur
945 3393 1017 3457 viro
1038 3390 1158 3456 illustri
1181 3394 1214 3455 0.
1235 3395 1279 3454 M.

166 3512 188 3554 υ
210 3495 434 3572 Stuclcelbcrqs
449 3495 506 3582 qui
528 3517 568 3560 ea
589 3497 719 3560 moenia
736 3495 808 3581 ipse
826 3494 1029 3580 inspexerat,
1052 3515 1072 3556 a
1092 3515 1155 3580 quo
1175 3492 1280 3582 perito

167 3604 451 3660 monumentorum
473 3605 621 3662 veterum
648 3597 855 3662 aestimatore
887 3617 961 3660 cum
987 3594 1159 3690 regionum
1179 3594 1280 3660 Grae-

169 3695 240 3760 ciae
261 3706 332 3761 tum
355 3696 577 3764 Graecanicae
605 3701 684 3764 artis
715 3721 849 3786 operum
869 3706 1071 3784 praestantes
1092 3696 1280 3782 descriptio-

170 3817 228 3861 nes
250 3798 371 3884 partim
391 3802 586 3888 accepimus,
609 3801 728 3888 partim
749 3807 939 3888 accepturos
962 3822 1139 3888 speramus.

256 3898 397 3964 Possum
421 3902 464 3968 ab
494 3902 554 3968 illa
575 3906 722 3971 extrema
745 3903 937 3991 antiquitate
958 3903 1075 3990 pedem
1095 3902 1219 3967 referre
1237 3901 1280 3966 ad
1360 3947 1364 3958 .

169 4001 372 4088 propiorem,
401 4012 432 4068 et
463 4026 562 4068 unam
592 4006 791 4092 alteramque
811 4007 1059 4094 inscriptionum
1080 4003 1280 4090 Peloponne-
1333 4075 1337 4083 ¹
1396 4045 1400 4066 .

170 4105 303 4187 siarum,
327 4127 408 4220 quas
422 4105 750 4194 nuper‘Expeditioni
771 4108 821 4174 illi
834 4109 1013 4173 Francicus
1036 4107 1209 4194 adjunctus
1228 4106 1279 4170 vir

170 4204 252 4268 mihi
274 4205 398 4271 amicus
419 4229 546 4273 mecum
566 4211 817 4279 communicavit
803 4211 915 4294 t,hoc
937 4212 1007 4276 loco
1029 4209 1255 4298 descriptam
1245 4231 1280 4272 ιιι
1379 4209 1381 4215 ’

169 4307 340 4392 publicum
362 4310 519 4375 emittere.
552 4309 596 4376 Et
614 4313 720 4376 sunt
710 4334 745 4377 ιιι
765 4313 816 4396 iis,
839 4336 922 4401 quae
938 4307 1133 4398 Ἀργείων
1155 4318 1187 4374 et
1209 4331 1281 4432 aqu

173 4415 391 4489 πολιτείας
403 4405 579 4496 ’Ἄργους
597 4415 793 4481 mentionem
816 4414 967 4481 habeant.
