3167 5192
1204 478 1277 563 ιιι

155 645 287 728 omem,
319 665 384 734 quo
415 645 528 712 literas
549 643 675 730 studio,
707 665 818 732 aarum
840 643 979 717 cultores
998 643 1264 743 prosequebatur.

155 748 304 828 Quorum
323 751 469 814 virorum
489 754 521 812 et
542 747 629 810 vitae
651 755 685 810 et
706 745 888 815 studiorum
906 749 1066 838 rationem
1086 749 1266 817 sciscitanti

155 851 235 916 mihi
267 849 454 916 describere
480 847 607 914 solebat
638 847 890 918 humanissimus
919 850 1194 941 Cuspursouus*),
1210 853 1266 939 qui

153 953 271 1019 eadem
292 953 486 1040 cupiditate,
508 970 574 1037 qua
589 950 695 1016 bonas
710 960 797 1018 artes
816 952 958 1036 fovebat,
979 955 1021 1018 ad
1034 974 1148 1032 eornm
1158 952 1276 1026 homi-⁸

152 1076 231 1118 num
246 1054 504 1118 familiaritatem
524 1074 597 1118 sese
616 1052 828 1138 adplicuerat.
855 1053 928 1144 Quo
947 1054 1082 1125 consilio
1098 1055 1185 1132 idern
1200 1077 1264 1118 una

153 1178 228 1220 cum
240 1159 442 1222 warmanno
450 1153 670 1242 symbolarum
676 1154 892 1223 literariamm
902 1156 966 1222 duo
978 1157 1143 1248 ¹volumina
1151 1156 1263 1238 edidit.

177 1315 179 1318 ι
240 1257 344 1344 Atqui
363 1256 534 1322 intellectu
554 1256 652 1321 facila
673 1264 736 1338 est,
763 1265 963 1348 quantopere
988 1263 1203 1325 Tiodemonnus
1223 1281 1266 1322 ex

152 1359 272 1424 horum
288 1359 435 1425 virorum
457 1359 694 1440 familiaritate,
721 1359 815 1446 cujus
840 1381 918 1424 usus
940 1361 1148 1450 quotidianus
1170 1360 1264 1426 datus

151 1471 251 1544 esset,
269 1461 312 1526 ad
332 1483 391 1527 sua
411 1462 580 1529 literarum
598 1461 707 1528 studia
724 1461 1176 1550 formandumqueingeuium
1192 1485 1264 1550 pro·

150 1563 281 1628 fecerit.
325 1562 440 1650 Neque
467 1584 547 1629 vero
575 1565 684 1629 minus
714 1571 900 1629 exterorum
927 1565 1127 1630 eruditorum
1148 1585 1264 1629 convo-

151 1665 350 1730 niendorum
371 1669 499 1753 copiam
516 1666 659 1732 faciebat
681 1687 720 1730 ea
738 1665 833 1750 urbs,
866 1689 949 1754 quae
974 1678 1102 1756 semper
1122 1669 1264 1755 peregri·

149 1768 301 1832 nantium
327 1768 513 1856 frequentia
539 1769 732 1834 celebratur.
782 1769 823 1832 ln
850 1768 947 1856 hujus
980 1769 1146 1834 felicitatis
1172 1778 1264 1872 parte

147 1871 309 1956 primaria
339 1892 460 1958 ponere
493 1870 612 1936 Noster
647 1870 773 1937 solebat
804 1891 910 1942 suam
928 1893 1002 1936 cum
1032 1875 1164 1936 Telensis
1190 1891 1263 1935 eon-

145 1973 364 2056 junctionem.
385 1971 519 2038 Etenim
534 1982 614 2038 tunc
627 1971 758 2060 quidem
774 1977 991 2040 racemorum
1002 1963 1263 2060 philosophando

149 2097 189 2140 eo
217 2084 430 2162 pervenerat,
458 2085 495 2138 ut
521 2095 632 2139 eorum
660 2076 822 2140 rationem
842 2077 984 2142 maxime
1006 2073 1175 2162 probaret,
1207 2075 1263 2162 qui

149 2178 296 2259 animam
323 2186 508 2257 concretam
528 2178 640 2243 dicunt
661 2178 732 2264 (qui
756 2178 1008 2242 materialismus
1031 2175 1196 2274 vocatur),
1218 2175 1263 2240 it'a
1320 2214 1325 2228 ι

148 2287 263 2342 tamen
278 2275 341 2361 ut,
337 2288 468 2348 contra
488 2281 617 2366 atque
607 2281 633 2344 ιι
654 2279 779 2365 faciunt
785 2302 924 2397 ,neque
946 2279 1054 2344 Deum
1071 2299 1176 2394 neque
1195 2279 1263 2342 ani·

147 2403 241 2449 mum
263 2381 480 2448 immortalem
505 2381 645 2448 tolleret.
690 2359 767 2447 dam
789 2405 862 2446 cum
887 2384 917 2447 ei
936 2381 1116 2447 sententiae
1137 2379 1171 2442 in
1192 2379 1262 2444 dies

147 2484 259 2570 magis
278 2485 447 2572 magisque
468 2485 610 2561 faveret:
629 2485 804 2558 Tetensius
828 2485 993 2552 Oassellas
1012 2481 1112 2548 venit.
1157 2481 1262 2564 Quem

148 2588 259 2652 virum
285 2607 358 2653 oum
378 2588 520 2652 maxime
547 2587 769 2654 admirabatur
789 2587 922 2669 Noster,
951 2593 1063 2702 utpote
1084 2605 1198 2650 recens
1219 2583 1261 2648 ab

147 2689 259 2774 ejus
252 2686 330 2753 libri
354 2689 510 2775 lectione,
547 2711 610 2776 quo
638 2687 694 2753 ille
720 2689 923 2774 singularum
949 2689 1048 2768 animi
1071 2686 1261 2752 facultatum

148 2793 312 2855 rationem
342 2763 537 2877 modumque
564 2791 775 2888 sagacissime
803 2791 1078 2886 subtilissimeque
1106 2789 1262 2876 pervesti-

148 2894 247 2978 gavit
277 2900 309 2958 et
330 2891 496 2973 definivit,
530 2913 626 3010 quem
644 2892 765 2959 librum
785 2895 969 2992 inscripsit.
994 2897 1167 2990 Tentomino
1186 2895 1260 2970 plui-

148 3001 318 3078 losopla'co.
339 2994 462 3060 Jam
433 3015 504 3079 eJus
518 2996 582 3058 viri
602 2995 784 3082 praesentis
803 2981 1016 3077 sermonibus,
1036 2983 1141 3079 magis
1163 2993 1259 3058 etiam

148 3096 300 3182 absentis
331 3092 476 3185 epistolis
497 3117 570 3160 sese
596 3095 678 3165 haec
702 3095 822 3164 debere
848 3118 981 3200 sempor
1006 3104 1121 3185 postea
1152 3095 1258 3163 fassus
1334 3126 1338 3136 =
1422 3059 1424 3066 Ι

147 3209 215 3282 est,
246 3208 370 3273 utnon
390 3196 504 3279 modo,
537 3218 620 3284 quae
645 3199 752 3264 adhuc
777 3192 989 3286 placuisset
1002 3197 1101 3292 ratio,
1137 3219 1174 3261 ea
1195 3195 1257 3270 sibi

146 3323 238 3367 nunc
258 3301 469 3367 vehementer
491 3299 693 3387 displiceret,
716 3299 964 3382 verumetiam,
990 3308 1026 3363 ut
1044 3315 1103 3364 sua
1124 3299 1194 3399 ipse
1213 3297 1257 3363 de

146 3398 249 3474 rebus
273 3399 505 3490 metaphysicis
530 3401 652 3488 placita
672 3405 781 3479 omnia
801 3401 942 3492 penitius
965 3401 1135 3492 acriusque
1161 3423 1256 3496 excu

142 3513 233 3588 tere,
254 3505 457 3591 arctioreque
479 3512 511 3567 et
531 3504 739 3570 concinniore
761 3528 850 3596 nexu
866 3503 1008 3594 jungere
1025 3505 1220 3570 instituerit..

233 3607 372 3698 lamque
394 3614 485 3670 certa
503 3606 590 3671 vitae
613 3604 690 3674 sede
707 3587 831 3674 locatus
854 3611 1070 3672 Tiedcmannus
1091 3607 1131 3672 de
1146 3618 1213 3672 mat
1215 3607 1256 3674 ri-

142 3709 256 3775 monio
283 3708 425 3777 ineundo
453 3709 619 3805 cogitavit
664 3682 769 3776 Duxlt
789 3709 934 3776 valde
919 3732 1077 3812 Juvenem
1103 3716 1254 3794 Sopbiam,

142 3817 283 3899 Hearici.
287 3815 513 3890 Rodtbuusenii,
536 3795 675 3881 saltuum
692 3811 954 3878 Caesellanorum
968 3805 1124 3890 curatoris
1143 3815 1253 3907 liliam,

142 3904 228 4002 quae
252 3914 403 3978 maritum
429 3911 548 3978 acerba
571 3923 674 3980 morte
699 3924 846 4002 ereptum
871 3915 1032 4052 hodieque
1055 3917 1154 4004 luget.
1201 3917 1254 3982 Ex

141 4033 183 4082 ea
200 4015 280 4082 tulit
299 4037 360 4085 sex
378 4015 517 4085 liberos:

211 4261 239 4330 ¹⁸)
263 4259 332 4328 Ejus
355 4259 421 4326 viri,
446 4251 493 4328 qui
514 4238 586 4312 haud
607 4258 649 4311 ita
667 4259 717 4312 diu
735 4259 1032 4314 'Piedemannum
1025 4277 1053 4312 ιιι
1070 4265 1156 4312 morte
1174 4276 1251 4328 prae-

140 4353 234 4416 cessit,
263 4352 353 4407 vitam
374 4346 545 4422 adumbravit
569 4348 716 4400 Carolus
745 4343 949 4402 wilhelmus
978 4350 1072 4402 Justi
1101 4353 1194 4400 noster
1221 4346 1249 4400 iir

131 4423 228 4488 Neaen
249 4427 387 4488 Teutaclsen
407 4437 514 4526 Mereor
534 4435 608 4487 1803.
628 4453 663 4488 m.
665 4419 809 4488 Februar.
980 4437 983 4445 '
