3167 5192
1207 549 1269 612 att

244 719 323 786 Jam
351 727 563 808 posteaquam
584 719 647 802 Te,
680 739 754 784 oum
781 717 913 812 aliunde
939 717 1128 784 didicissem
1155 719 1269 787 eadem

146 823 290 905 sentire,
309 830 378 888 tum
400 843 480 886 vero
501 823 643 887 maxime
665 843 708 886 ox
724 819 782 884 illa
800 823 836 885 in
854 819 1063 886 Plutarchum
1082 819 1155 884 Tua
1175 839 1268 905 prae-

146 923 282 990 fatione
304 923 429 1012 liquido
452 943 659 1009 cognossem,
684 941 750 986 non
777 921 926 1016 dubitavi
943 923 1066 988 Tecum
1092 923 1267 986 eommuni-

143 1045 229 1088 oare
252 1045 327 1088 mea
347 1023 591 1092 Platonicorum
612 1024 855 1092 necandorum
875 1024 1021 1092 consilia.
1056 1023 1172 1112 Neque
1194 1025 1267 1112 ipss

142 1125 210 1190 illa
230 1123 281 1189 Te
300 1125 469 1192 volueram
496 1127 598 1194 latere
621 1147 705 1215 quae
729 1127 765 1191 in
783 1131 956 1194 Studiorum
976 1149 1037 1213 ego
1058 1136 1182 1193 tomum
1203 1126 1267 1213 pri-

142 1249 243 1292 mum
267 1229 472 1315 conjeceram
495 1228 591 1298 rudia
611 1229 786 1295 admodum
809 1239 841 1295 et
859 1231 1011 1297 inchoata
1030 1228 1265 1296 tantummodo.
1286 1292 1290 1296 .

143 1327 203 1393 Tu
230 1349 330 1414 vero,
360 1332 416 1416 qui
442 1330 672 1398 translationes
699 1333 893 1400 vernaculas
919 1334 1042 1420 alioqui
1068 1353 1134 1398 non
1160 1332 1266 1416 magis

143 1430 260 1494 soleas
290 1429 453 1516 lectitare,
488 1455 585 1521 quam
607 1455 667 1520 ego
688 1433 811 1520 facere,
844 1434 955 1521 legisti
977 1444 1101 1518 tamen,
1134 1441 1167 1498 et
1185 1433 1266 1497 haec

143 1531 230 1596 Tibi
250 1531 384 1618 probari
405 1543 542 1602 testatus
565 1559 600 1602 os
621 1557 777 1624 praesens
798 1541 974 1625 praesenti.
1017 1539 1070 1603 Ita
1091 1537 1178 1601 enim
1196 1535 1266 1599 fere

144 1635 218 1700 Tu:
245 1634 341 1718 „Hoc
363 1657 441 1724 age3
464 1661 555 1704 sume
574 1639 650 1705 Tibi
665 1637 831 1705 Plotinum
847 1649 881 1706 et
895 1641 1014 1728 expedi
1030 1638 1160 1704 nobis.“
1179 1637 1265 1701 Tum

143 1759 230 1823 ego:
271 1739 367 1822 „Ain’
392 1743 497 1810 vero?
535 1741 662 1824 Quodsi
690 1740 742 1806 Tu
766 1742 847 1808 mihi
871 1745 997 1809 animos
1018 1741 1116 1824 facis,
1144 1738 1264 1805 laxabo
1364 1758 1367 1764 ’

144 1839 268 1934 frenos
287 1845 391 1910 veteri
412 1844 543 1930 cuidam
565 1842 728 1910 desiderio
750 1865 839 1930 meo,
862 1847 949 1935 quod
971 1844 1159 1933 usquehuc
1180 1865 1264 1909 oom-

143 1937 270 2027 pressi'
285 1965 324 2010 ao
351 1947 530 2013 continui.“
573 1945 719 2030 Cumque
745 1954 861 2030 postea
882 1958 915 2014 et
935 1947 1066 2036 publice
1083 1968 1135 2010 me
1154 1945 1263 2012 admo·

143 2046 282 2110 nuisses
301 2055 334 2112 et
350 2045 546 2113 amicissime
564 2047 678 2112 eadem
695 2050 881 2134 repetiisses
897 2051 1061 2136 privatim,
1084 2047 1263 2136 obsequen-

144 2147 228 2212 dum
248 2149 332 2214 duxi
355 2159 387 2214 et
407 2149 570 2216 'voluntati
590 2171 681 2214 meae
704 2157 735 2215 et
758 2149 850 2217 Tuae
872 2154 1067 2220 auctoritati.

221 2249 353 2338 ¹Neque
374 2275 427 2317 me
447 2260 595 2318 avertere
613 2275 685 2318 sum
706 2273 823 2339 passus
844 2254 982 2321 vocibus
1001 2241 1186 2320 istiusmodi
1207 2254 1262 2320 ho·

143 2353 291 2437 minum,
314 2357 378 2442 'qui
403 2355 488 2420 hano
517 2354 757 2444 philosophiam
777 2364 834 2420 aut
855 2356 1020 2422 horridam
1042 2357 1262 2444 incultamque

144 2453 264 2519 dicunt
287 2465 344 2520 aut
366 2458 540 2544 elinguem.
585 2453 715 2540 Quibus
737 2479 799 2544 ego
817 2457 865 2522 ita
883 2457 968 2523 iere:
1002 2457 1075 2546 Ego
1097 2458 1263 2544 elinguem
1286 2504 1291 2514 ·

143 2557 235 2623 malo
265 2576 362 2645 quam
389 2560 487 2626 stulte
511 2561 702 2644 clamosam,
734 2559 821 2625 malo
839 2560 1006 2626 horridam
1024 2581 1122 2649 quam
1141 2560 1262 2626 effemi-

143 2667 260 2724 natam
295 2660 538 2752 delibutumque
565 2664 741 2750 unguentis
773 2671 805 2728 et
837 2665 1098 2730 calamistratam.
1147 2663 1262 2751 Neque

143 2783 227 2827 vero
248 2761 370 2831 Plotini
391 2765 598 2854 philosophia
619 2766 713 2832 arida
730 2775 780 2832 est
795 2776 853 2832 aut
865 2767 1062 2852 balbutiens,
1085 2773 1135 2832 est
1150 2765 1261 2831 brevis

144 2873 178 2929 et
209 2865 312 2932 densa
344 2887 383 2936 ao
411 2868 490 2936 vivo
522 2870 723 2956 spirantique
752 2870 909 2934 orationis
939 2890 1061 2956 genere
1092 2887 1259 2956 expressa.

123 2965 223 3062 ¹Non
244 2967 323 3034 Tibi
346 2969 426 3036 haec
446 2993 558 3057 narro,
585 2971 836 3059 Wyttenbaohi,
866 2973 922 3060 qui
944 2993 964 3036 a
984 2972 1136 3056 Longino
1156 2990 1260 3056 usque
1293 3049 1297 3056 Ι

144 3071 189 3136 ad
228 3079 391 3139 extremos
429 3083 628 3162 quantopere
663 3075 871 3162 suspexerint
905 3072 1025 3138 Graeci
1056 3072 1259 3159 Romanique

143 3175 241 3238 illum
272 3174 488 3263 L'yoopoliten
527 3178 670 3242 omnium
704 3177 825 3263 optime
861 3183 989 3260 teneas,
1025 3175 1124 3262 inque
1156 3174 1259 3260 ipsius

143 3277 287 3342 lectione
308 3279 410 3366 probe
431 3288 581 3346 versatus
603 3281 660 3345 sis.
705 3279 784 3359 Non
800 3279 891 3363 dico,
920 3301 963 3344 ne
989 3278 1063 3365 quis
1085 3277 1259 3341 calumnie·

143 3387 199 3445 tur
205 3429 215 3466 ,
251 3384 440 3466 germanam
472 3405 544 3451 esse
575 3377 723 3452 uetustae
754 3381 843 3446 illius
873 3379 1099 3469 philosophiae
1128 3380 1259 3445 Atticae
1377 3430 1379 3435 .

144 3475 281 3549 ornatae
308 3485 524 3570 ingenuarum
552 3486 670 3552 artium
699 3485 792 3574 quasi
819 3483 985 3549 Venenum
1008 3484 1260 3574 &rationumque
1295 3491 1302 3516 ¹

143 3586 248 3651 multo
272 3587 507 3677 splendidoque
528 3591 691 3654 comitatu.
725 3585 864 3652 Virilem
883 3609 956 3652 asse
977 3587 1051 3653 dico
1073 3595 1106 3652 et
1123 3587 1260 3675 dignam

144 3683 287 3773 homine,
310 3701 538 3776 argumentum
554 3691 702 3772 sectanti,
724 3690 760 3756 in
781 3710 844 3778 quo
865 3690 1034 3776 ingenium
1053 3691 1096 3757 ad
1115 3691 1258 3759 altitudi-

144 3813 221 3858 nem
242 3791 388 3858 extollat.
417 3796 467 3860 Ao
489 3815 732 3881 nonnumquam
754 3793 1020 3878 cogitationeme
1033 3794 1158 3882 recipio
1171 3815 1258 3861 nunc

144 3893 179 3957 in
197 3894 341 3981 palmeta
359 3895 518 3982 Aegypti,
541 3895 598 3960 ubi
619 3896 733 3962 videre
760 3894 842 3961 mihi
868 3896 984 3963 videor
1005 3896 1180 3964 Ammonio
1201 3919 1256 3963 au-

145 3995 338 4061 scultantem
359 3995 524 4062 Plotinum
541 3998 714 4084 juvenem,
747 4019 835 4063 nunc
859 3999 896 4063 in
919 3998 1063 4065 medium
1085 4001 1255 4087 strepitum

145 4097 264 4182 Urbis,
283 4098 341 4163 ubi
357 4099 429 4184 jam
451 4121 624 4166 senescens
647 4101 790 4168 scholam
813 4102 916 4167 dictat
938 4102 1095 4168 assidenti
1109 4103 1255 4192 Porphy-

145 4202 193 4266 rio
217 4221 354 4289 eumque
381 4223 402 4266 a
423 4225 532 4268 rerum
552 4204 715 4272 fluxarum
736 4206 868 4272 turbine
889 4215 1083 4294 erranteque
1103 4207 1255 4292 opinione

146 4303 188 4368 ad
213 4325 322 4369 rerum
349 4305 535 4372 divinarum
557 4309 808 4395 perpetuitatem
829 4316 861 4373 et
882 4310 926 4375 ad
947 4309 1157 4387 stabilitatem
1179 4331 1254 4376 con·

146 4407 301 4476 scientiae
313 4397 476 4482 advertit.
502 4409 587 4478 Nam
605 4432 663 4478 eur
683 4411 817 4479 tandem
836 4434 959 4501 quaeso
980 4411 1254 4500 philosophamur,

978 4514 1017 4574 lb
1026 4516 1043 4559 'l'
