3167 5192
826 1151 920 1254 11.*)

512 1319 544 1407 1)
568 1335 702 1386 sssuro
724 1339 810 1389 vinu
832 1341 886 1389 rr.
910 1339 990 1389 rnv.
1011 1305 1049 1389 1>ss
1067 1339 1095 1389 s.
1116 1338 1246 1390 rursu.

409 1438 485 1504 ,lem
506 1439 549 1504 eb
571 1438 628 1506 illu
646 1449 809 1530 tempure,
830 1466 895 1532 quo
913 1441 1189 1532 wyttenbachius
1207 1451 1321 1511 nuster
1340 1444 1444 1510 mise-

232 1539 234 1547 *
323 1549 375 1608 rut
401 1541 444 1607 sd
473 1563 525 1606 me
554 1541 710 1629 Elugium
731 1545 839 1611 Tuum
862 1545 1109 1634 Wyttenbsehii
1135 1545 1296 1634 petris**)
1317 1545 1444 1613 avidus

324 1645 374 1710 fni
395 1645 530 1710 notitiae
553 1653 586 1710 et
603 1647 765 1715 amicitiae
779 1647 905 1716 Tecum
918 1647 1178 1736 conjungendae,
1194 1649 1347 1736 inprimis
1360 1670 1442 1713 eum

323 1745 381 1812 ille
403 1747 474 1832 ejus
496 1748 545 1812 rei
566 1769 658 1835 spem
679 1748 760 1818 mibi
780 1750 988 1819 ostendisset.

410 1849 585 1936 Superiure
611 1873 690 1916 vere
718 1860 752 1916 et
779 1861 902 1918 aestate
907 1903 918 1940 ,
954 1875 1028 1921 uum
1054 1853 1296 1939 'l'beulugururu
1330 1854 1441 1920 ordini

323 1973 408 2018 unus
437 1959 470 2016 et
495 1951 578 2018 alter
600 1952 788 2040 decederet,
815 1956 916 2021 semel
937 1957 1118 2045 iterumque
1137 1956 1201 2021 Tui
1221 1957 1381 2020 memoris
1401 1957 1440 2020 in

323 2055 468 2120 animum
509 2054 715 2139 recurrebat,
751 2056 818 2122 feei
852 2079 982 2146 quoque
1020 2057 1084 2124 Tui
1122 2049 1351 2140 mentionem,
1379 2058 1441 2122 sed

323 2179 419 2223 nemu
447 2165 517 2222 eret
549 2159 736 2246 quisquam,
766 2161 823 2248 qui
855 2159 987 2247 quidem
1016 2159 1081 2225 Tui
1111 2161 1261 2226 notitiem
1289 2159 1438 2242 haberet,

323 2262 410 2328 inter
430 2267 609 2346 nostrates,
630 2285 737 2350 neque
757 2263 879 2349 scriptu
899 2260 972 2327 Tus
991 2262 1177 2348 theologice
1197 2260 1266 2327 ulls
1285 2271 1437 2349 poteram

323 2383 593 2448 cummemursr03
621 2363 870 2430 desiderabatur
893 2373 1003 2430 tumen
1025 2363 1213 2450 Theologus
1240 2365 1438 2452 scripturum

324 2465 421 2532 leude
444 2487 483 2530 su
504 2464 593 2530 seme
613 2465 816 2551 aliquantum
834 2467 941 2534 clerus
962 2487 1001 2533 sc
1021 2466 1188 2555 probatus.

408 2567 520 2634 Rediit
541 2566 622 2632 baec
641 2587 696 2632 res
722 2567 766 2633 ad
786 2569 977 2656 allegendus
998 2571 1088 2637 virus
1105 2569 1263 2657 juvenes,
1292 2569 1351 2656 qui
1372 2591 1439 2634 nun

325 2735 531 2749 —-—-

396 2832 423 2900 *)
442 2828 574 2896 Ejusdem
594 2829 694 2881 aetatis
713 2829 855 2883 ducturum
873 2830 1006 2885 virorum:
1032 2831 1170 2900 „Jusephi
1188 2830 1338 2897 scaligeri,
1359 2831 1439 2896 Onjn

324 2924 375 2986 cii,
393 2917 562 2972 Hutumsuni
586 2922 614 2968 et
631 2919 738 2970 Dunsei
754 2920 895 2987 Epistulas
913 2921 1045 2988 quinque,
1066 2935 1100 2971 ex
1117 2917 1296 2985 autographis
1315 2918 1438 2985 Burgar-

324 3009 409 3062 sisuis
426 3005 623 3071 nuncprimum
641 3006 669 3055 in
681 3005 768 3058 lucem
784 3009 897 3060 edites“
915 3008 1016 3060 obtulit
1028 3007 1109 3071 mibi,
1127 3021 1225 3058 munus
1241 3005 1437 3072 professoriam

296 3119 299 3122 ·
323 3113 372 3164 per
395 3093 579 3162 quadrigata
600 3107 686 3144 sunus
707 3095 909 3164 Heidelbergue
932 3100 1040 3163 gestum
1063 3093 1220 3161 gratulans,
1245 3091 1437 3157 junctissimus

324 3182 436 3249 Collega
453 3179 610 3232 Fridericus
635 3181 767 3247 Kurtiim,
790 3201 859 3250 quas
882 3199 937 3236 nun
960 3183 1050 3249 magis
1068 3181 1121 3232 bue
1137 3180 1199 3231 lucu
1217 3184 1343 3246 repetere
1364 3181 1437 3246 licet,

324 3286 406 3338 quem
424 3268 494 3320 nlius
511 3267 556 3318 vel
572 3267 713 3332 Epistulas
730 3271 775 3320 vel
794 3272 850 3322 elin
868 3272 978 3336 Scripta
994 3270 1090 3332 lstins,
1109 3283 1180 3334 quse
1198 3268 1263 3319 mibi
1282 3268 1379 3320 eudem
1396 3271 1439 3320 die

323 3360 395 3410 festu
410 3355 568 3410 obtuleruut
584 3354 631 3404 ulii
650 3355 702 3405 viri
720 3357 796 3409 ducti
813 3364 842 3410 et
860 3358 940 3410 enrici
959 3356 1118 3409 Theodorus
1136 3355 1263 3421 Bergk,
1282 3356 1437 3408 Eridericus

323 3445 470 3508 Jecubs,
495 3442 652 3493 Luduvicus
672 3443 807 3516 Keyser
830 3451 858 3497 et
882 3445 1042 3497 Leunsrdus
1070 3440 1224 3508 Spengel
1255 3440 1321 3507 (vid.
1346 3445 1437 3495 Vitem

324 3547 411 3584 meum
433 3529 580 3582 vernacule
603 3529 767 3583 deunmtum
791 3548 819 3598 p.
841 3531 892 3585 190
905 3532 969 3599 sq.).
1007 3531 1066 3582 Nec
1083 3530 1171 3595 magis
1191 3534 1313 3596 repetem
1332 3530 1437 3598 aliquot

324 3617 464 3684 Epistulas
477 3621 585 3668 mutuus
603 3617 632 3669 J.
649 3603 748 3669 Jseubi
765 3620 971 3687 Hottingeri
989 3623 1018 3670 et
1033 3617 1158 3670 Danielis
1175 3618 1437 3684 Wyttenbucbii

324 3707 360 3757 ub
379 3704 518 3755 Ochsuerc
535 3703 570 3754 V.
592 3703 633 3754 cl.
653 3719 759 3754 meeum
783 3707 1008 3758 communicatus.
1044 3705 1169 3770 Denique
1190 3705 1288 3755 omitto
1305 3706 1436 3773 quidquid

296 3803 300 3807 “
325 3795 355 3844 in
377 3790 484 3842 schedis
509 3788 577 3840 meis
596 3793 637 3840 est
655 3791 856 3857 Epistularum,
880 3809 898 3844 e
917 3792 999 3845 cleris
1016 3793 1145 3843 viriseel
1168 3792 1255 3844 latine
1272 3792 1317 3843 vel
1334 3794 1435 3858 italice,

325 3879 438 3949 gallice,
460 3877 566 3944 anglice
589 3879 778 3942 germaniceve
802 3881 838 3931 sd
857 3897 901 3931 me
917 3881 1093 3947 scripturum,
1120 3895 1188 3946 ques
1212 3882 1241 3930 in
1261 3877 1356 3929 eedem
1374 3881 1437 3931 Vite

326 3981 387 4018 mee
403 3964 503 4032 purtim
521 3965 643 4032 integrus
656 3965 765 4017 exhibui
782 3969 882 4034 purtim
901 3967 1024 4035 excerpsi
1035 3971 1083 4018 aut
1100 3967 1190 4032 attigi.
1225 3966 1322 4017 Potius
1340 3965 1433 4031 pedem

325 4069 398 4106 nunc
415 4068 476 4104 cum
493 4053 610 4104 maxime
627 4053 743 4104 referem
768 4055 797 4106 in
814 4055 882 4106 illud
896 4055 971 4106 vitee
988 4070 1066 4106 mere
1082 4053 1216 4116 stadium,
1241 4067 1295 4118 quo
1312 4053 1434 4120 Bungius

326 4141 476 4194 avunculus
500 4155 575 4191 meus
600 4156 661 4191 mee
684 4140 777 4192 studia
800 4157 895 4208 regere
912 4147 1054 4208 coeperst3
1081 4157 1161 4206 quem
1178 4142 1266 4192 virum
1284 4141 1381 4206 quenti
1398 4141 1434 4191 fe·

327 4229 395 4280 uerit
414 4229 552 4294 Heynius,
576 4227 656 4279 docet
672 4228 773 4294 Heynii
798 4229 885 4294 ipsius
901 4228 1040 4294 Epistuls,
1063 4243 1145 4294 quum
1166 4243 1250 4294 suprs
1271 4228 1360 4292 primu
1376 4227 1432 4279 lucu

326 4315 421 4380 posui,
440 4314 535 4382 quenti
553 4314 790 4382 Wyttenbschius,
809 4314 908 4366 ducent
926 4314 1008 4380 hujus
1024 4314 1167 4381 Epistulae
1182 4314 1317 4381 plurimus
1335 4316 1431 4380 purtim

327 4401 363 4452 ed
380 4402 469 4468 ipsum
487 4403 586 4468 purtim
604 4402 639 4454 sd
658 4417 701 4452 me
718 4401 808 4454 dstee.
882 4385 886 4395 ¹

395 4487 439 4556 **)
458 4489 624 4544 Prulsssuris
641 4485 810 4556 Theulugiee
825 4484 1010 4540 insessum
1019 4487 1220 4556 llsrburgeusi.
1237 4489 1348 4542 Bernse
1360 4490 1431 4544 1781.
1487 4474 1491 4478 ”
