3167 5192
1152 485 1234 554 st

122 645 319 732 effloruerit,
346 655 385 714 ut
409 647 478 716 illic
500 647 582 716 nihil
603 647 673 716 fere
698 649 860 736 reperias,
889 649 968 738 quin
988 648 1066 714 hine
1082 653 1235 738 progeni-

120 756 188 812 tum
218 757 250 814 et
275 751 421 837 parentis
448 753 545 840 quasi
571 752 696 839 grenio
722 754 881 818 nutritum
898 771 1095 837 cognoscas:
1123 775 1236 820 conse-

121 873 227 936 quens
255 859 321 935 est,
349 860 399 937 ut,
430 855 588 942 quicum
615 853 724 920 fructu
744 854 826 920 velit
846 853 985 919 Latinae
1009 852 1237 942 philosophiae

120 961 333 1020 monumenta
351 955 530 1040 illustrare,
561 957 604 1024 ad
624 956 825 1022 Graecorum
846 976 948 1042 opera
965 961 1126 1040 hmseat,
1147 958 1238 1024 unde
1289 1010 1292 1015 ,

121 1053 345 1122 subsidiorum
371 1059 547 1146 plurimum
576 1066 751 1146 repetatur.
797 1055 960 1139 Quocirca
980 1078 1047 1122 non
1068 1059 1238 1147 estquod

120 1159 311 1242 timeamus,
345 1181 387 1226 ne
416 1159 503 1226 illius
531 1159 608 1226 libri
641 1158 816 1247 explicatio
842 1158 1054 1247 peritioribus
1085 1159 1237 1226 videatur
1320 1171 1326 1176 '

121 1261 225 1324 nimia
239 1261 381 1330 uiffmdi
398 1269 432 1328 ct
449 1260 636 1328 revocanda
658 1281 731 1326 esse
751 1281 772 1324 a
793 1263 887 1328 vario
908 1261 1111 1348 suadeoque
1132 1259 1237 1348 lapsu,

122 1362 148 1426 si
176 1363 311 1450 quando
343 1385 383 1430 ea
415 1364 513 1431 latius
542 1370 651 1450 serpat
673 1370 705 1426 et
738 1360 875 1431 liberius
903 1363 1028 1428 feratur
1057 1385 1147 1430 nunc
1176 1386 1237 1450 per

122 1464 297 1551 Epicuri
322 1467 434 1534 hortos
460 1468 630 1552 viretaque
650 1451 753 1551 Lycei
778 1473 923 1530 nuncet
948 1486 1009 1550 per
1036 1464 1237 1532 Academiae

122 1567 347 1656 frequentiore
368 1569 474 1656 spatia
496 1577 529 1634 et
550 1566 759 1634 solitudinem
773 1565 932 1632 Plotini
947 1567 1238 1656 Aegyptiaeeeque

122 1669 351 1757 philosophiae
374 1669 518 1762 latebras
547 1689 587 1734 ac
608 1689 768 1734 recessus.
812 1667 910 1732 Nunc
929 1676 1054 1752 temen,
1083 1669 1239 1756 quoniam

123 1774 210 1838 intra
232 1771 440 1840 academicae
462 1771 646 1858 scriptionis
668 1772 825 1836 terminos
847 1765 1032 1836 cohibenda
1051 1771 1156 1838 oratio
1178 1779 1238 1855 est,

124 1897 197 1940 eum
221 1875 356 1942 modum
377 1872 620 1957 adhibebimus,
644 1882 680 1938 ut
701 1873 789 1940 illius
811 1871 888 1939 libri
911 1893 1012 1937 unum
1034 1872 1142 1940 locum
1164 1873 1238 1940 seli·
1279 1935 1287 1947 ,

123 1999 240 2063 gamus
263 1980 405 2065 itemque
422 1963 580 2059 alterum,
607 1997 690 2064 quae
713 1983 745 2040 et
761 1975 969 2063 impeditiora
989 1975 1176 2059 videantur,
1205 1983 1239 2041 et
1346 1984 1353 1999 '

124 2081 164 2146 ad
187 2088 281 2146 certa
301 2080 410 2167 capita
430 2078 578 2144 revocari
599 2085 729 2166 queant.
775 2077 869 2158 Quae
887 2079 934 2141 ita
950 2076 1180 2160 tractabimus,
1201 2084 1239 2142 ut

124 2183 232 2248 solum
258 2182 293 2248 id
319 2188 501 2268 spectemus
523 2179 611 2268 quod
637 2179 692 2246 vel
714 2179 842 2244 critices
869 2178 1029 2244 medelam
1050 2178 1238 2270 desiderare
1310 2252 1315 2263 ι

124 2287 234 2352 visum
260 2283 375 2366 inerit,
408 2282 463 2348 vel
489 2283 765 2369 interpretationis
796 2280 917 2362 lucem,
951 2302 1015 2367 quo
1045 2280 1238 2368 expediatur

124 2409 227 2476 opera
252 2407 379 2470 eorum,
409 2385 465 2474 qui
491 2384 716 2474 philosophiae
738 2383 907 2450 historiam
929 2381 994 2448 sihi
1010 2381 1239 2450 illustrandam

126 2497 269 2556 sumunt.
349 2545 354 2554 .

212 2589 389 2658 Ordiamur
409 2609 431 2653 a
451 2589 564 2656 divina
579 2588 866 2674 Providentia,
891 2611 974 2678 quae
995 2590 1030 2655 in
1050 2587 1121 2673 EO,
1143 2589 1259 2676 cujus.

125 2693 275 2759 natalitia
294 2693 438 2779 agimus,
459 2699 509 2757 tot
528 2713 625 2758 curae
646 2714 724 2758 suae
746 2693 940 2759 documenta
960 2692 1067 2776 dedit,
1086 2699 1124 2757 ut
1143 2690 1239 2757 uber·

126 2799 228 2879 rimus
250 2794 329 2861 inde
355 2795 481 2862 fructus
511 2794 546 2858 in
575 2795 815 2882 nosmetipsos
837 2795 1056 2883 inquehanc,
1078 2815 1162 2884 quae
1182 2816 1239 2883 pa-

126 2900 190 2964 tria
208 2895 306 2964 nohis
328 2905 393 2982 cst,
415 2905 537 2964 terram
557 2889 759 2963 redundarit.

547 3320 754 3392 CAPUT
791 3323 819 3390 I.

128 3465 232 3516 uocr
252 3457 452 3512 vurssuu
473 3460 844 3511 rnrnosornoeuu
860 3459 1239 3513 nurnovrnunrrs.

212 3603 316 3668 APUD
340 3597 532 3666 Ciceronem
552 3599 592 3666 de
605 3599 721 3666 Natus.
741 3601 843 3666 Deor.
867 3600 896 3665 I.
925 3601 956 3664 8.
979 3597 1148 3665 exorditur
1165 3596 1242 3663 Vel-

129 3708 214 3795 lejus
236 3703 418 3792 Epicureus
444 3725 465 3766 a
490 3701 743 3790 reprehensione
770 3703 962 3768 Platonis
987 3709 1020 3766 et
1049 3697 1241 3785 Stoicorum,

128 3809 215 3876 unde
245 3805 290 3872 ad
315 3805 517 3892 reliquorum
540 3807 718 3871 sententias
746 3805 1013 3892 philosophorum
1049 3801 1165 3871 ordine
1191 3823 1241 3870 re·

130 3910 310 3980 censendas
329 3907 547 3996 pregreditur.
608 3965 610 3972 ,

215 4063 235 4100 ‚‚
243 4012 380 4094 Audite,
408 4009 529 4096 inquit,
558 4029 624 4075 non
652 4009 764 4077 sutiles
785 4009 1091 4097 commenticiasque
1112 4013 1240 4074 senten-

130 4121 207 4202 tias,
235 4135 303 4180 non
325 4111 474 4201 opificem
501 4109 805 4197 aedificatoremque
822 4111 936 4177 mundi
954 4109 1100 4177 Platonis
1123 4110 1165 4176 de
1186 4109 1241 4174 Ti·

131 4212 223 4286 m'aeo
264 4215 376 4300 deum‘,
417 4235 478 4280 neo
513 4235 612 4280 anum
650 4211 818 4280 fatidicam
847 4211 1030 4282 Stoicorum
1065 4211 1240 4301 πρόνοιαν,

134 4343 230 4414 quam
252 4318 352 4384 latine
374 4317 452 4386 licet
471 4317 712 4404 providentiam
727 4315 847 4384 dicere.
859 4320 879 4356 “

216 4421 405 4490 Walkeri
425 4419 527 4506 Angli
541 4420 699 4510 suspicio:
718 4421 758 4490 in
774 4419 924 4507 Timaeo,
943 4418 1066 4492 nullius
1078 4415 1243 4527 codicum,
