3167 5192
1254 451 1314 518 231

190 617 318 682 minus
343 615 393 682 Te
409 615 539 682 Platoni
561 635 633 680 esse
654 615 848 702 familiarem
868 626 908 682 et.
919 617 1096 683 Platonicis
1116 619 1318 706 philosophis

190 719 356 806 reliquis.
399 719 508 804 Atque
536 725 572 782 ut
592 717 746 784 universa
765 719 865 803 ratio,
895 740 994 806 quarn
1013 721 1050 784 in
1071 719 1248 786 Plutarcho
1270 725 1317 790 Te

190 830 357 888 secutum
384 819 541 907 apenristi
576 820 611 884 in
636 819 858 905 Praefatione,
894 821 1043 907 exemplo
1073 821 1154 886 mihi
1177 831 1241 905 est,
1273 824 1317 889 ed

191 923 295 1010 quod
322 945 396 988 mea
423 923 458 986 in
480 920 745 1008 philosophorum
766 931 914 988 veterum
934 905 1027 987 libris
1047 923 1156 988 studia
1176 915 1315 1010 dirigam
1361 943 1365 948 ’

191 1034 240 1092 et
259 1027 408 1111 exigam:
441 1024 488 1088 ita
507 1022 550 1088 ad
571 1024 716 1088 criticam
741 1025 953 1090 factitandam
973 1025 1050 1089 hinc
1070 1024 1150 1088 mihi
1174 1025 1317 1092 desumsi

191 1136 238 1193 et
263 1136 362 1194 teneo
389 1125 488 1192 illud:
521 1125 610 1210 „Diu
631 1135 694 1210 est,
723 1127 809 1214 quod
835 1127 925 1191 illam
945 1127 1071 1210 ingenii
1090 1127 1221 1192 laudern
1241 1152 1314 1195 con·
1362 1144 1364 1150 '

191 1231 326 1296 sectari
347 1229 444 1294 desii:
478 1229 507 1293 si
529 1235 643 1315 sponte
664 1230 828 1316 sequitur,
851 1228 994 1314 accipio:
1028 1229 1082 1294 ein
1103 1233 1226 1315 minus,
1248 1255 1313 1298 non

196 1332 358 1418 curem)
402 1331 579 1398 Plotiniani
598 1337 707 1396 textus
730 1333 816 1395 nosti
839 1351 921 1417 quae
942 1329 1085 1395 conditio
1106 1333 1158 1396 sit.
1200 1333 1313 1422 Neque

192 1435 237 1499 in
252 1433 358 1499 ullum
377 1434 482 1520 magis
504 1432 594 1498 cadit
613 1431 695 1496 illud
721 1431 863 1515 „habent
881 1441 914 1497 et
935 1453 994 1496 sua
1012 1431 1081 1496 fata
1102 1431 1243 1520 libelli,“
1264 1437 1311 1500 ni-

193 1538 323 1601 mirum
352 1533 466 1602 eodem
487 1544 563 1601 sunt
584 1555 647 1624 quo
669 1555 749 1599 arva
770 1533 848 1599 fato.
894 1533 930 1598 Si
950 1533 1173 1620 negligantur,
1203 1545 1312 1602 sentes

193 1638 295 1702 alunt
323 1646 356 1724 et
382 1643 542 1720 monstra,
576 1636 693 1724 quibus
720 1635 914 1720 evellendis,
947 1635 1118 1702 domandis
1142 1641 1202 1705 vix
1226 1663 1310 1706 unus

135 1794 140 1802 .
195 1739 363 1806 Hercules
395 1739 552 1823 sufficiet,
582 1739 703 1806 nedum
730 1738 825 1803 homo
845 1761 930 1804 unus
952 1761 971 1802 e
990 1738 1101 1804 multis
1122 1739 1228 1827 qualis
1249 1765 1311 1828 ego

196 1865 285 1907 sum.
315 1843 380 1908 Hic
400 1841 531 1930 quidem
551 1841 634 1906 liber
648 1839 770 1904 Plotini
786 1839 862 1904 Tibi
883 1840 1031 1906 medelae
1049 1841 1187 1908 multum
1203 1844 1309 1928 debet,

194 1955 236 2010 ut
262 1946 298 2010 in
324 1945 440 2012 affecto
464 1965 599 2031 corpore
627 1942 689 2006 hae
715 1964 842 2029 quoque
870 1944 1083 2010 similitudine
1107 1952 1191 2009 nter.
1235 1947 1309 2032 Ego

86 2117 87 2126 χ
195 2046 257 2112 ubi
286 2047 423 2113 salutem
449 2056 615 2135 praestare
643 2069 708 2111 non
734 2047 841 2131 potui,
876 2042 1014 2112 vulnera
1039 2047 1202 2112 indicasse
1229 2051 1308 2113 satis

195 2149 310 2214 habui.
355 2149 469 2237 Neque
496 2172 575 2216 vero
603 2149 730 2234 dubito,
759 2150 838 2238 quin
864 2147 960 2236 plura
989 2149 1149 2233 refingere
1168 2148 1308 2216 feliciter

195 2252 337 2338 possim,
371 2251 430 2316 ubi
451 2275 503 2317 me
524 2253 567 2318 ad
589 2253 731 2318 omnium
751 2251 947 2317 Enneadum
971 2249 1228 2316 emendationem
1253 2251 1307 2316 de·

195 2353 289 2418 dero.
332 2353 440 2440 mque
468 2355 530 2420 hoe
558 2355 629 2420 loeo
652 2376 718 2420 non
739 2376 872 2440 possum
892 2375 958 2419 non
979 2353 1176 2417 mentionem
1196 2353 1306 2417 fecere

194 2455 368 2543 eujusdam
389 2457 594 2545 philosophi,
624 2455 681 2545 qui
708 2459 866 2524 sexennio
887 2457 958 2521 fere
978 2454 1098 2521 abhinc
1116 2456 1306 2520 universnm
1375 2441 1377 2453 ¹

194 2557 376 2642 Plotinum,
412 2581 507 2648 quem
534 2561 606 2647 ipse
634 2557 772 2624 vixdum
802 2558 887 2624 bene
918 2581 977 2646 per
1007 2565 1218 2624 transennam
1250 2558 1305 2624 ad-

194 2669 364 2748 spexerat,
387 2683 503 2750 nempe
523 2686 583 2751 per
602 2661 902 2748 interpretationem
922 2661 1057 2727 latinam
1077 2659 1194 2745 Fioini,
1217 2660 1304 2726 vole-

193 2764 253 2844 bat
281 2765 493 2830 vernaculum
521 2767 645 2850 facere,
673 2763 798 2829 scilieet
827 2774 916 2830 stans
936 2763 1020 2852 pede
1041 2765 1077 2827 in
1098 2781 1179 2846 uno,
1205 2763 1304 2850 idque
1390 2845 1394 2847 Α

192 2867 276 2931 mihi
307 2867 514 2952 significabat
542 2891 610 2956 per.
626 2867 749 2932 literas.
801 2866 907 2948 Quem
937 2889 999 2953 ego
1030 2866 1189 2932 avertisse
1212 2866 1303 2930 visus
1335 2925 1342 2936 ,

194 2993 267 3036 sum
299 2968 379 3033 mihi
406 2991 478 3034 cum
505 2969 536 3035 ei
563 2969 720 3036 senticeta
745 2977 978 3051 monstrarem,
1010 2967 1128 3054 quibus
1156 2966 1304 3031 horreret

191 3073 408 3158 longinquum
431 3073 493 3136 iter
516 3094 576 3160 per
605 3071 840 3159 quinquaginta
867 3077 1005 3157 quatuor
1033 3067 1189 3134 librorum
1209 3070 1302 3155 quasi

193 3176 363 3248 stationes.
407 3173 569 3256 Quocirca
590 3195 651 3238 nec
673 3173 766 3238 doleo
788 3195 855 3239 non
876 3172 920 3236 ad
938 3193 1071 3235 manum
1090 3171 1125 3234 in
1145 3169 1208 3235 hoc
1223 3169 1302 3234 mihi

194 3278 281 3344 libro
300 3273 402 3342 fuisse
424 3277 671 3342 translationem
691 3274 865 3361 Anglieam
886 3273 1037 3361 Taylori‚
1058 3272 1151 3359 cujus
1172 3272 1302 3336 titulum

190 3381 288 3468 posui
309 3379 344 3444 in
358 3377 678 3467 Praeparatione**).
706 3377 791 3442 Nam
814 3397 895 3465 quas
913 3375 1060 3462 ejusdem
1080 3375 1145 3438 viri
1164 3375 1302 3442 aliorum

191 3483 347 3548 librorum
373 3481 632 3548 Plotinianorum
659 3479 889 3548 translationes
915 3478 996 3542 mihi
1016 3478 1178 3563 inspicere
1198 3476 1300 3562 licuit,

85 3570 86 3575 ἵ
191 3607 251 3651 eae
272 3583 354 3648 nihil
375 3583 497 3650 habent
518 3607 579 3650 nec
601 3584 837 3651 emendationis
859 3583 931 3648 sive
950 3580 1167 3666 conjectariae
1189 3581 1259 3644 sive
1281 3602 1299 3644 e

190 3685 358 3754 codicibus
376 3687 571 3774 depromtae,
584 3709 689 3775 neque
705 3687 883 3774 quidquam
896 3683 1124 3772 explicationis
1141 3682 1297 3747 eruditae.

191 3790 260 3855 Gur
278 3797 385 3854 autern
404 3789 499 3873 hunc,
522 3791 550 3855 si
571 3791 710 3878 quaeris,
732 3812 775 3854 ex
794 3787 930 3876 reliquis
952 3786 1102 3853 omnibus
1116 3784 1236 3850 librum
1249 3805 1298 3847 se·

190 3892 343 3978 legerim,
364 3893 523 3958 rationem
545 3893 658 3982 aperui
679 3894 713 3957 in
735 3893 998 3978 Praeparatione.
1042 3887 1204 3954 Videlicet
1221 3885 1296 3950 edo·

190 3994 388 4060 lescentibus
415 3994 566 4060 volebam
585 3997 712 4062 munire
732 3995 857 4060 aditum
878 3995 921 4059 ad
942 3992 1063 4057 Plotini
1083 4013 1121 4055 ao
1143 3988 1296 4054 similium

189 4097 454 4185 philosophorum
485 4101 622 4190 scripta.=
668 4095 882 4164 Nathsnaelis
912 4117 990 4162 vero
1021 4092 1152 4160 libellus
1178 4090 1295 4156 iisdem

257 4341 371 4410 *)1²ag.
391 4345 506 4395 xxxrr.

258 4429 303 4498 **)
321 4431 390 4497 Peg.
409 4431 560 4484 CXXXVII
579 4447 636 4500 seq.
