3167 5192
176 435 179 448 l
305 452 349 524 db

309 643 368 688 suo
399 641 545 708 quaeque
559 619 745 705 'ordine'et
762 632 830 707 -p'er
852 636 916 686 ans
937 629 1075 704 genera,
1104 618 1342 706 exigenturque
1371 615 1429 682 ad

307 725 458 814 criticam
478 723 648 808 rationem.
702 721 817 810 Neque
844 724 930 791 enirn
957 721 1136 809 quidquam
1160 719 1313 808 proficias
1341 721 1426 786 uni·

308 847 402 892 verse
425 825 635 912 disputando,
656 826 722 908 uisi
741 825 833 914 prius
857 846 901 891 ex
917 825 999 911 ipsis
1014 826 1232 901 monumentis
1244 831 1342 891 «corto
1359 843 1425 886 co-

308 929 477 1014 gnoveris,
506 927 585 1018 quid
611 928 656 992 sit
673 925 759 996 illud
782 925 871 1014 quod
903 934 1057 1012 tanquam
1083 948 1161 1006 uere
1183 923 1426 1003 ,Heracliteum

308 1031 411 1117 possit
437 1031 524 1117 poni.
577 1029 650 1093 Hac
678 1027 809 1116 quidem
836 1036 929 1115 parte
958 1028 1095 1094 mirifice
1123 1027 1274 1094 laborant
1301 1047 1426 1091 eorum

307 1131 399 1217 libri,
428 1139 585 1219 quotquot
607 1131 712 1198 adhuc
732 1130 904 1198 historiam
927 1131 1153 1218 philosophiae
1174 1127 1422 1216 explicuerunt.

218 1222 221 1230 ¹
305 1236 414 1320 Atque
434 1236 469 1304 iu
489 1233 551 1298 hoo
571 1231 763 1320 philosopho
789 1231 1010 1318 singularibus
1032 1231 1334 1300 difficultatibus-ae
1354 1232 1423 1294 irn-

246 1391 254 1404 ,
306 1337 414 1422 pediri
434 1337 577 1402 sentiunt
596 1354 730 1400 necesse
749 1342 800 1398 est
822 1334 862 1418 ii,
887 1335 1072 1422 quicunque
1089 1335 1132 1400 ad
1150 1357 1225 1401 eum
1246 1335 1420 1423 explicen-

135 1485 137 1492 ,
262 1433 272 1447 “
307 1440 385 1509 dum
412 1460 472 1506 sua
499 1437 608 1506 studia
634 1435 820 1519 conferant,
852 1438 1007 1524 quoniam
1035 1439 1081 1521 is,
1105 1437 1195 1504 siout
1215 1440 1253 1505 in
1272 1459 1421 1524 magnae
1491 1517 1496 1528 ¹

306 1542 399 1614 Deae
421 1540 584 1656 Ephesiae
603 1537 827 1656 penetralibus
856 1541 1013 1626 scriptum
1033 1539 1118 1607 illud
1138 1563 1232 1625 suum
1256 1541 1420 1628 reposuit,
1474 1550 1477 1555 '

307 1647 353 1716 ita
385 1666 513 1732 quoque
548 1642 651 1728 ipsius
680 1641 930 1726 intelligentiam
966 1642 1070 1709 latere
1099 1615 1205 1708 voluit
1236 1642 1421 1709 vorborum

306 1746 535 1816 translatorum
569 1742 855 1831 symbolorumque
881 1744 1076 1830 involucris,
1105 1767 1169 1833 quo
1199 1745 1256 1812 ab
1270 1747 1343 1862 ejus
1368 1742 1420 1809 le·

305 1851 413 1918 ctione
430 1855 617 1918 arcerentur
638 1846 779 1933 profani.
896 1875 899 1882 ·

392 1951 555 2033 Quocirca
581 1947 707 2014 haud
698 1957 768 2014 mut
755 1947 846 2016 tilem
856 1971 1010 2038 operam
1034 1938 1243 2037 novabimus,
1271 1953 1420 2016 sinum

306 2075 379 2128 oum
405 2055 549 2122 maxime
572 2051 747 2137 seligemus
775 2053 934 2140 quaedam
959 2077 1002 2120 ex
1022 2049 1236 2138 Hereoliteis,
1268 2073 1351 2140 quse
1380 2057 1419 2116 et

306 2157 529 2243 conjunctiora
550 2157 615 2222 sint
633 2177 712 2224 curn,
729 2151 911 2223 Stoicorum
931 2157 1060 2244 plaoitis
1077 2157 1309 2243 Ciceronisque
1329 2144 1418 2223 loeis

305 2259 470 2326 nonnullis
492 2281 511 2322 e
531 2258 615 2324 libro
637 2257 678 2324 de
698 2257 876 2324 Deorum
895 2259 1051 2326 Naturb
1070 2261 1216 2348 itemque·
1233 2257 1416 2342 desseto,

306 2369 337 2425 et
362 2361 476 2426 critici
502 2362 667 2426 notatione
693 2359 867 2426 videantur
888 2361 1047 2448 indigere.
1090 2363 1142 2427 Ac
1160 2362 1313 2450 quoniam
1340 2359 1416 2425 ob-

306 2463 418 2530 scuri
433 2463 592 2532 sermonis
611 2463 735 2548 injecta
756 2465 877 2530 mentio
900 2472 965 2548 est,
988 2487 1031 2531 ex
1051 2465 1115 2530 bac
1133 2465 1207 2552 ipse
1221 2457 1418 2552 disputandi

305 2567 450 2638 uescitur
476 2565 638 2632 materies.
688 2563 847 2631 Nolumus
875 2589 963 2632 nunc
988 2591 1029 2635 eo
1043 2566 1212 2653 recolere,
1237 2572 1332 2655 ‘quae
1351 2566 1417 2634 sel

268 2680 272 2690 '
305 2667 363 2737 olii
384 2674 593 2749 monuerunt,
616 2687 698 2752 quae
718 2667 861 2752 plurime
879 2669 1013 2756 collegit
1031 2669 1224 2736 Harlesii·
1238 2668 1418 2754 diligentia

305 2768 348 2837 ao
364 2767 549 2840 Fabricii
569 2768 656 2834 Bibl.
679 2791 729 2854 gr.
751 2771 779 2835 I.
808 2793 883 2858 pag.
910 2774 969 2836 781
994 2793 1086 2860 seqq.
1108 2771 1164 2838 vel
1183 2773 1249 2860 ipsi
1268 2771 1415 2857 explica·

303 2871 389 2939 tiore
407 2874 574 2958 posuimus
596 2873 631 2936 in
650 2893 690 2938 eo
711 2871 812 2960 libro,
835 2875 892 2962 qui
911 2874 1102 2940 inscribitur
1117 2873 1292 2940 Studien
1305 2872 1348 2938 T.
1362 2872 1414 2938 II.

303 2994 378 3060 pag.
400 2975 490 3040 265.:
508 2976 543 3040 in
566 2975 723 3048 Cicerone
744 2975 940 3065 Plotinoque
964 2977 1189 3043 subsistemus.

237 3167 246 3177 ,
335 3126 345 3144 .
389 3075 697 3145 creseunt.
726 3080 778 3144 26.
822 3077 1022 3168 „liequetu
1043 3103 1096 3146 me
1117 3075 1415 3171 cerasusryoha-

303 3199 404 3263 goras
419 3178 545 3247 solebat
558 3181 699 3246 alienos:
722 3203 783 3245 nec
793 3181 942 3250 consulto
962 3183 1046 3248 diois
1065 3182 1207 3258 occulta:
1234 3179 1416 3267 sed‘(quod
1491 3171 1498 3187 ⁸

302 3281 391 3344 inter
405 3303 465 3346 nos
484 3281 624 3370 liceat)
649 3305 691 3348 ne
714 3292 755 3347 tu
777 3284 909 3372 quidem
935 3285 1104 3371 intelligis.
1114 3290 1134 3324 “
1175 3283 1291 3373 Carpit
1315 3281 1416 3346 Cotta

301 3378 518 3449 Academicus
536 3384 700 3472 Vellejum
722 3386 921 3474 Epicureum
942 3397 976 3452 et
1004 3387 1137 3476 quidem
1155 3385 1309 3452 urbane·
1335 3383 1414 3449 Huc'

304 3485 390 3576 enim
412 3487 553 3572 pertinet
575 3485 672 3554 illud:
695 3489 798 3576 quod
820 3493 933 3556 inter
954 3514 1030 3557 nos
1048 3489 1227 3580 licentii).
1244 3482 1328 3554 'Sed
1345 3482 1413 3555 boc

302 3585 408 3672 ipsum
428 3589 556 3654 mireris
579 3591 717 3657 eundem
743 3603 878 3680 repente
900 3595 983 3680 adeo
1004 3595 1165 3660 urbanum
1186 3614 1260 3658 esse
1277 3591 1413 3675 fautum,
1486 3612 1491 3625 ‘

303 3689 359 3774 qui
384 3689 419 3752 in
439 3691 595 3770 universi
621 3695 782 3780 oratione,
809 3698 913 3766 misso
932 3696 1066 3764 honoris
1086 3695 1244 3778 formum,
1269 3715 1337 3761 non
1352 3694 1412 3758 du·
1464 3745 1469 3761 ,

302 3788 416 3859 bitarit
436 3793 671 3862 adversarium·
683 3820 777 3863 suum
800 3800 935 3884 gravius
956 3801 1128 3888 increpare
1149 3811 1182 3864 et
1202 3798 1412 3883 ignorantiae

302 3915 450 3980 urguere.
500 3897 615 3986 Neque
638 3909 748 3966 temen
776 3901 845 3965 ulla
873 3901 982 3967 adhuc
1010 3905 1133 3970 hoedo
1153 3903 1226 3967 loco
1248 3899 1411 3964 dubitatio

218 4059 222 4066 f
302 4005 535 4066 commotos
485 4009 535 4066 est
540 4022 677 4089 ‚neque
698 4002 754 4069 vel
770 4003 904 4069 Davisii
924 4003 980 4070 vel
1001 4001 1145 4070 Ernest'
1108 4013 1147 4080 tn
1155 4000 1299 4101 codices
1317 4002 1410 4121 quid

302 4120 399 4186 quem
419 4099 647 4197 discrepante
626 4105 813 4191 atavulga
857 4105 903 4175 At
923 4109 989 4173 mei
1000 4089 1345 4200 discrepant,1ique
1338 4102 1409 4173 uni-

302 4205 406 4267 versi:
436 4189 657 4273 Parisiensos
665 4216 747 4292 tres,
779 4206 1067 4368 Norimbergensis
1092 4213 1126 4283 Α
1155 4211 1277 4299 (uana
1266 4233 1306 4288 rn
1326 4207 1409 4274 eod.

300 4332 513 4344 ——.-.

289 4477 294 4486 Ι
371 4410 450 4476 *1151
451 4412 551 4464 denos
568 4429 596 4478 p.
618 4414 676 4466 118.
695 4414 737 4466 ed.
756 4414 854 4479 mor.
871 4431 900 4481 p.
917 4415 963 4469 48.
980 4433 1079 4470 mmor,
1168 4446 1171 4457 .
