3167 5192
325 516 369 583 98

326 686 492 771 languere,
515 683 610 770 alque
630 684 712 750 vitio
731 684 830 752 otiam
851 692 1058 751 ocoumersnt
1073 682 1302 751 comtitusndt
1319 684 1439 770 γραφῇ

327 782 456 872 ἀργίας,
476 784 551 870 lege
571 807 593 852 a
612 785 782 870 Dracone,
802 786 851 853 uti
870 783 1010 869 videtur,
1030 786 1113 853 last:
1135 789 1183 853 ita
1199 786 1439 851 humanissime

327 886 565 955 subveniebant
591 889 648 971 iis,
682 890 839 976 quicum
869 886 1013 955 secunda
1038 887 1171 953 sonunt
1199 888 1292 975 digni
1314 895 1440 971 essent,

327 995 368 1059 et
385 998 554 1058 uterentur
574 990 725 1059 adversa.
755 987 839 1070 Quis
853 989 957 1053 nescit
970 988 1044 1055 illas
1062 987 1235 1075 ἑταιρείας,
1254 990 1327 1055 sive
1342 988 1440 1055 soda-

325 1095 449 1176 litates,
481 1113 658 1179 quse-non
681 1090 778 1159 modo
808 1092 1032 1161 conviviorum
1057 1094 1174 1160 caussa
1198 1090 1440 1177 jungebantur,

327 1197 386 1263 sed
413 1217 452 1262 eo
480 1195 577 1261 etiam
604 1190 755 1275 consilio,
788 1202 825 1259 ut
854 1216 890 1259 se
916 1194 1057 1259 invicem
1077 1192 1272 1279 adjuvarent
1292 1181 1438 1257 sodales.

326 1298 452 1365 Eodem
469 1293 652 1384 pertinebat
673 1294 803 1379 ἔρανος,
825 1296 906 1381 stips
925 1294 1091 1379 collatitia,
1113 1316 1197 1383 quae
1217 1298 1258 1359 et
1270 1293 1346 1378 lege
1358 1312 1439 1365 con-

325 1400 492 1467 ferebatur
497 1447 507 1482 ,
527 1405 566 1465 ut
586 1398 614 1464 si
635 1417 749 1464 rursus
770 1398 971 1481 emersisset,
994 1400 1051 1485 qui
1071 1404 1256 1484 acceperat,
1277 1402 1439 1481 quantum

324 1502 374 1569 illi
393 1510 561 1588 erogatum
582 1506 668 1581 erat,
689 1500 881 1565 tantundem
901 1501 1098 1565 restitueret.
1131 1498 1202 1565 Nec
1218 1499 1255 1565 iu
1274 1496 1346 1573 ulls
1368 1496 1440 1563 alia

324 1604 407 1669 urbe
426 1603 626 1670 Graecorum
652 1600 784 1688 publius
813 1602 981 1669 subveniri
1006 1602 1138 1673 solitum
1163 1600 1275 1667 fractis
1296 1618 1441 1685 corporo

325 1715 453 1772 constat
473 1715 506 1771 et
526 1704 719 1786 caussariis,
739 1706 805 1769 nisi
823 1704 973 1771 Athenis.
1017 1705 1062 1769 Et
1079 1711 1158 1769 nota
1178 1710 1229 1769 est
1248 1701 1439 1767 Misericor-

282 1854 286 1866 ι
325 1811 400 1875 dise
421 1827 498 1893 ara,
524 1808 633 1895 posita
650 1805 776 1897 infore
798 1807 1063 1891 Atheniensium,
1092 1807 1148 1895 qui
1169 1807 1200 1873 ei
1219 1804 1347 1872 numini
1369 1803 1438 1869 sin-

295 1963 299 1975 .
322 1912 470 1997 gularsrn
492 1909 654 1998 quendam
674 1907 831 1975 honorem
852 1910 1027 1976 habebant.

254 2093 259 2102 Χ
407 2015 493 2101 Illuc
510 2012 621 2081 redeo.
654 2011 758 2076 Vocat
774 2013 861 2077 eninr
880 2012 937 2077 ille
960 2014 1047 2077 inter
1062 2012 1194 2104 Atticas
1206 2009 1437 2099 philosophiae

322 2117 489 2204 principes
506 2114 645 2180 eximius
659 2113 870 2182 Aristoteles:
894 2112 960 2195 Qui
978 2113 1109 2201 quidem
1124 2114 1328 2179 verissimam
1341 2110 1436 2179 illam

322 2219 543 2305 praeceptoris
577 2239 693 2283 vocem
724 2225 910 2282 constanter
942 2218 1062 2300 tenuit,
1093 2238 1222 2285 omnem
1250 2214 1436 2279 doctrinam

322 2323 536 2404 ingenuarum
569 2329 601 2383 et
628 2320 842 2385 humanarum
867 2320 986 2384 artium
1009 2339 1074 2383 uno
1103 2318 1243 2407 quodam
1266 2318 1436 2383 societatis

323 2421 454 2487 uinculo
475 2422 651 2504 contineri3
681 2431 815 2509 eratque
834 2424 868 2485 in
889 2418 946 2485 illo
969 2442 1007 2487 ea
1026 2420 1202 2507 cupiditas,
1226 2442 1322 2509 quam
1343 2418 1435 2485 idern

323 2520 417 2587 Plato
443 2523 477 2585 in
504 2522 689 2609 philosophi
714 2523 825 2588 indole
853 2523 961 2609 inesse
987 2519 1108 2606 voluit,
1142 2521 1335 2613 disciplinae
1365 2542 1435 2587 non

229 2690 233 2697 ,
323 2624 420 2686 unius
439 2622 589 2707 alicujus,
611 2623 670 2688 sed
689 2625 928 2690 universarum.
961 2624 1023 2691 Oui
1044 2624 1246 2691 studiosum
1263 2618 1435 2710 ingenium

209 2712 218 2723 ’
323 2723 549 2809 responderet,
574 2735 766 2791 consecutus
786 2726 843 2791 ille
864 2727 926 2793 hoc
949 2750 1107 2794 summum
1129 2734 1192 2811 est,
1211 2736 1248 2793 ut
1262 2728 1297 2792 in
1318 2748 1434 2793 omnes

322 2837 432 2917 partes
460 2828 711 2914 intelligentiam
742 2839 961 2915 converteret,
991 2840 1024 2896 et
1049 2831 1216 2896 literarum
1241 2830 1436 2895 universum

323 2934 418 3021 quasi
446 2932 558 2998 orbem
584 2952 652 2996 non
678 2932 774 2998 modo
803 2934 920 2997 mentis
949 2933 1161 3019 cogitatione,
1192 2954 1307 2997 rernm
1333 2930 1435 2997 etiarn

305 3037 499 3123 ,scriptione
518 3034 797 3122 complecteretur.
840 3032 932 3099 Idem
938 3082 948 3117 ,
969 3056 1054 3101 unus
1076 3036 1182 3119 homo,
1204 3034 1245 3100 de
1266 3031 1363 3097 rebus
1384 3032 1432 3097 di

246 3180 249 3187 -
306 3140 531 3222 .versissimis,
554 3140 595 3203 de
616 3137 761 3203 siderum
779 3145 879 3220 motu,
900 3136 1015 3203 ordine
1036 3148 1070 3203 et
1087 3136 1283 3219 intervallis,
1301 3134 1342 3201 de
1367 3136 1432 3199 ele

323 3249 505 3308 mentorum
518 3242 554 3305 vi
569 3249 602 3304 et
616 3242 752 3325 ratione,
772 3241 814 3305 de
826 3238 1019 3325 plantarum,
1041 3241 1262 3323 animantium,
1284 3235 1433 3323 lapidum

323 3343 481 3407 varietate
502 3351 537 3407 et
555 3342 733 3428 generibus
753 3342 966 3409 subtilissime
986 3346 1146 3432 exposuit,
1165 3352 1198 3409 et
1217 3340 1432 3429 plurimarum

292 3471 296 3488 ‹
323 3446 449 3528 artium,
473 3466 557 3532 quse
577 3444 684 3509 adhuc
705 3446 793 3532 apud
809 3446 953 3513 Graecos
976 3448 1193 3531 effloruerant,
1211 3440 1356 3537 indolem
1374 3462 1432 3505 na-

322 3554 491 3634 turamque
520 3548 563 3612 ad
591 3536 726 3612 meionis
744 3558 920 3636 praecepta
939 3552 1063 3637 primus
1084 3548 1206 3615 retulit.
1249 3543 1348 3611 Hunc
1368 3543 1431 3627 igi·

322 3655 375 3711 tur
399 3651 580 3736 suspiciant
605 3651 631 3713 ii
656 3650 856 3739 philosophi,
884 3654 940 3740 qui
961 3674 1034 3719 oum
1052 3652 1190 3719 vixdum
1209 3652 1308 3715 unius
1330 3666 1432 3733 saepe

322 3749 404 3811 artis
418 3752 578 3815 rationem
597 3761 687 3818 recte
703 3762 824 3838 tenent,
846 3762 954 3819 tamen
976 3778 1034 3821 suo
1056 3754 1244 3843 supercilio,
1263 3760 1431 3836 tamquam

323 3848 455 3919 Atlante
475 3853 614 3938 coelum,
643 3856 831 3921 uniuersam
856 3878 966 3923 rerum
989 3866 1138 3924 naturam
1160 3857 1222 3921 niti
1243 3854 1429 3941 opinantur.

324 3950 377 4015 Ab
404 3951 501 4039 hujus
529 3958 594 4020 riri
625 3956 702 4037 ludo
728 3958 869 4047 itemque
899 3959 940 4026 ab
969 3958 1164 4043 Academia,
1194 3968 1360 4043 tamquam
1387 3976 1431 4019 ex

235 4141 243 4163 ἱ
323 4055 467 4119 omnium
493 4060 613 4123 artium
637 4060 793 4144 officinis,
826 4070 986 4146 oratores,
1000 4062 1227 4147 ‘imperatores
1253 4082 1292 4125 ac
1318 4078 1430 4124 rerum

322 4154 526 4242 publicarum
555 4163 720 4249 principes
750 4164 890 4251 profecti
918 4173 1008 4246 sunt,
1041 4161 1083 4229 ab
1114 4163 1167 4228 his
1197 4160 1428 4243 mathematici,
1483 4204 1490 4247 ,

323 4258 450 4343 medici,
467 4270 592 4348 poetae,
614 4266 731 4330 musici
752 4266 894 4352 deniquo
914 4266 1118 4333 exstiterunt.

407 4362 528 4428 Videre
548 4364 617 4432 Vos
639 4369 769 4454 opinor,
802 4388 899 4455 quam
916 4368 999 4434 latus
1020 4367 1159 4433 orationi
1179 4386 1272 4432 meae
1292 4384 1427 4451 campus

321 4471 440 4547 pateat,
457 4465 496 4547 si,
518 4488 602 4553 quae
619 4469 680 4534 hoc
701 4469 773 4536 loco
795 4490 831 4534 se
851 4469 999 4553 offerunt,
1015 4470 1173 4559 ¹persequi
1194 4479 1293 4556 atque
1308 4468 1344 4532 in
1362 4469 1427 4533 sin·
