3167 5192
238 512 469 600 «iso¹

296 767 302 774 ,
340 680 535 766 antiquitate
563 700 622 743 sua
649 686 841 746 consecrata
866 680 1119 769 quodammodo:
1152 681 1199 746 ita
1226 701 1313 747 nunc
1333 683 1457 766 ingrati

342 783 443 846 animi
477 781 579 870 (quod
606 783 749 847 omnium
772 783 916 849 maxime
945 782 1102 868 fugimus)
1136 783 1244 848 videri
1270 784 1392 871 possit,
1429 785 1456 848 si

182 873 185 880 ’
261 878 266 891 ‘
342 885 414 971 ejus
432 885 507 968 viri,
528 885 585 972 qui
604 874 701 962 toties
723 884 843 962 deeora
862 876 975 950 nostra
992 886 1062 956 suis
1078 886 1209 972 seriptis
1224 884 1457 971 nobilitarit*),

340 996 392 1069 ut,
422 986 509 1074 quod
537 986 625 1073 apud
647 985 897 1076 Ciceronem**)
921 1009 1035 1059 senex,
1044 989 1175 1053 Ennius
1196 988 1306 1054 iacere
1325 987 1456 1070 dieitur,

337 1090 415 1176 jure
435 1111 494 1154 suo
516 1089 589 1175 ojus
607 1087 733 1174 gloriae
754 1084 938 1165 mercedem
961 1107 981 1152 e
1002 1088 1098 1154 nobis
1118 1089 1267 1154 videatur
1284 1111 1382 1178 posse
1399 1089 1456 1154 fla·

339 1193 468 1276 giture,⁸
492 1189 566 1277 ejus
590 1189 691 1275 igitur
719 1191 926 1274 memoriam,
959 1189 988 1256 si
1017 1208 1205 1278 oppressam
1234 1189 1367 1256 silentio
1396 1209 1457 1254 sua

341 1293 416 1359 luee
434 1291 547 1359 eureis
564 1293 738 1380 patiamur.

425 1397 541 1487 Neque
561 1417 642 1461 vero
661 1395 744 1460 hseo
757 1394 902 1460 laudatio
917 1393 1057 1461 dicenda
1073 1397 1134 1461 erit
1153 1394 1212 1460 sed
1227 1393 1343 1461 debita·
1355 1415 1453 1484 quae-

340 1499 418 1564 'dam
439 1500 540 1564 animi
560 1498 664 1563 nostri
680 1492 813 1586 publico
832 1495 867 1561 in
888 1495 959 1562 loeo
982 1497 1189 1586 significatio.
1222 1495 1308 1564 Nam
1327 1505 1364 1563 ut
1386 1520 1452 1562 non

340 1604 461 1687 neseio,
480 1622 587 1691 neque
606 1601 636 1666 si
655 1597 830 1666 scribentis
852 1612 994 1690 mentem
1015 1610 1151 1690 spectes,
1172 1597 1320 1691 improbo
1343 1599 1451 1685 etiam,

340 1707 376 1770 in
402 1704 563 1791 ejusmodi
590 1705 723 1792 seriptis
748 1703 864 1787 augeri
890 1703 1050 1790 quaedam
1070 1712 1103 1768 et
1124 1705 1234 1768 ornari
1253 1704 1376 1770 solere:
1405 1706 1452 1768 ita

339 1808 375 1871 in
401 1807 499 1894 hujus
524 1807 589 1872 viri
616 1809 687 1872 vita
714 1803 955 1889 adumbranda,
986 1805 1048 1871 hoo
1074 1805 1214 1872 artificio
1242 1830 1281 1874 eo
1304 1809 1449 1874 securius

339 1910 551 1999 supersedeo,
573 1932 638 1998 qno
657 1925 851 1996 persuasum
872 1908 978 1992 msg'is
1001 1917 1067 1994 est,
1089 1908 1147 1975 vei
1166 1909 1450 1998 religiosissimam

339 2011 437 2100 tidem
458 2013 561 2100 ipsius
580 2010 672 2076 laudi
691 2008 774 2075 nihil
793 2008 971 2100 quidquam
992 2031 1089 2098 posse
1111 2011 1258 2098 officere,
1278 2014 1449 2101 ipsumque

338 2116 368 2180 si
387 2116 500 2180 vivum
517 2115 604 2181 inter
622 2135 683 2181 nos
701 2135 756 2178 res
773 2111 931 2177 hutnanas
950 2131 1064 2178 curare
1080 2108 1251 2203 fingamus,
1272 2114 1355 2180 nihil
1371 2115 1449 2179 anti-

338 2207 433 2306 quius
455 2207 651 2301 habiturum,
674 2237 771 2304 quam
791 2225 829 2311 ut
850 2238 892 2282 ne
914 2224 1027 2280 saneta
1047 2218 1187 2301 veritas,
1211 2219 1264 2282 eui
1286 2217 1355 2282 suis
1380 2217 1447 2304 ipse

338 2320 455 2386 studiis
484 2329 516 2386 et
543 2321 632 2387 omni
659 2321 730 2384 vita
754 2318 980 2391 fidelissimam
1013 2341 1146 2408 operam
1166 2319 1380 2408 impenderit,
1413 2341 1448 2383 ea

337 2424 453 2508 igitur,
484 2446 526 2488 ne
547 2424 619 2510 jam
643 2423 680 2486 in
705 2442 765 2486 sua
787 2423 945 2487 memoria
966 2421 1163 2490 celebranda
1183 2423 1335 2509 neglecta
1353 2421 1447 2488 nobis

337 2533 558 2614 temerataque
589 2525 782 2612 reperitur.
838 2523 953 2613 Itaque
984 2547 1051 2591 non
1081 2535 1149 2591 tam
1168 2525 1323 2593 entonis
1354 2545 1448 2612 qnam

337 2637 406 2694 wie
426 2640 457 2694 et
473 2626 724 2711 mentemst)
747 2626 789 2692 de
810 2627 883 2714 ejus
897 2628 1031 2693 ¹meritis
1052 2651 1224 2718 exponam,
1246 2648 1312 2714 quo
1331 2627 1446 2714 prodet

337 2753 411 2798 sese
431 2739 530 2820 etque
549 2730 721 2797 illnoeseat
738 2730 774 2794 in
791 2730 855 2796 hoe
867 2729 959 2814 illud,
980 2730 1068 2820 quod
1084 2733 1173 2820 apud
1191 2737 1323 2820 puttam
1338 2740 1391 2796 est
1397 2731 1445 2812 ὓς

338 2854 438 2919 „vero
457 2835 625 2902 hominum
645 2834 801 2899 virtutem
825 2832 1024 2920 explorari.“

421 2938 512 3023 Age,
538 2935 700 3027 aquibus
718 2943 826 3020 ortus,
849 2935 1011 3024 quomodo
1032 2937 1215 3021 institutus,
1246 2933 1337 3024 quod
1361 2937 1445 3022 inge·

336 3042 444 3124 nium,
467 3039 525 3127 qui
550 3061 660 3106 moros
680 3037 819 3122 fuerint,
847 3037 927 3126 qnid
944 3038 980 3102 in
999 3059 1069 3104 rem
1084 3039 1264 3105 literarium
1284 3040 1445 3127 publicam

339 3294 342 3298 .
406 3255 434 3324 ¹⁸)
452 3253 584 3320 nissum
599 3254 684 3321 igitur
702 3254 847 3306 damnatus
864 3253 924 3304 voti
941 3256 1035 3304 noster
1052 3257 1104 3317 set,
1123 3252 1197 3319 qnod
1214 3246 1330 3320 susoipnt
1348 3255 1442 3308 Pim-

181 3409 189 3418 ,
276 3343 280 3354 ’
336 3361 390 3400 nos
407 3346 437 3397 in
454 3344 566 3413 egregio
583 3341 644 3394 loeo
662 3343 741 3394 Nem.
759 3341 839 3394 VIII.
857 3340 892 3392 60
909 3356 948 3392 ss.
968 3331 1125 3399 Κελεύθας

540 3419 668 3488 Ἀτλόαις
685 3425 758 3490 ζωᾶς
776 3417 966 3505 ἐφαπτοίμαν,
985 3419 1087 3478 θανών
1106 3419 1144 3486 οἱς

543 3544 578 3555 -
647 3545 682 3554 -
752 3503 1120 3580 ἕγώ,δ’ἆστοῖςαῖὃώνκαὶ
1173 3517 1176 3522 “

546 3599 634 3669 χθονὶ
652 3601 720 3670 γυῖα
737 3593 879 3667 καλύψαι-

544 3681 576 3756 μ’
594 3683 698 3742 αἰτέων
714 3682 830 3755 αἰνητά.

407 3775 451 3845 *u
473 3777 574 3830 mnu
591 3779 615 3830 1.
635 3779 679 3830 15.

290 3864 294 3870 ’
409 3864 816 3932 ***)Eoeo.1²hosuns.472.
852 3850 961 3921 ἁπλοῦς
976 3852 993 3914 ὁ
1009 3859 1104 3927 otene
1122 3859 1174 3929 τῆς
1185 3856 1325 3928 ἀληθείας
1344 3857 1404 3927 ἔφα.
1474 3875 1475 3907 i

409 3951 440 4018 †)
458 3951 627 4020 Bacchylides
645 3952 717 4019 apud
735 3951 883 4004 stobaeum
901 3950 987 4003 Ssrm.
999 3951 1047 4004 Ix.
1067 3957 1094 4002 et
1106 3951 1172 4004 ‘liino
1189 3953 1218 4002 in
1229 3951 1361 4004 Brnnokii
1373 3951 1439 4002 Ans·
1473 4001 1474 4016 ἢ

339 4035 417 4090 lectis
434 4039 512 4090 Tum.
531 4040 555 4091 1.
575 4056 601 4105 p.
623 4040 683 4091 149.
872 4045 875 4052 '

707 4119 801 4172 uvea
817 4113 869 4188 pin
883 4109 936 4187 peip
951 4119 1035 4181 λίθος

708 4199 810 4274 μανύει
827 4203 934 4273 lovois

709 4285 874 4361 ἀνδρῶνδ’
892 4285 997 4361 ἀρετὰν

710 4381 817 4446 σοφίαν
833 4396 863 4432 τε
880 4375 1045 4449 παγκρατὴς

710 4458 811 4532 ἐλέγχει
826 4459 960 4534 ἀλήθεια.
