<?xml version="1.0" encoding="UTF-8"?>
<!DOCTYPE html PUBLIC "-//W3C//DTD XHTML 1.0 Transitional//EN"
    "http://www.w3.org/TR/xhtml1/DTD/xhtml1-transitional.dtd">
<html xmlns="http://www.w3.org/1999/xhtml" xml:lang="en" lang="en">
 <head>
  <title>
</title>
<meta http-equiv="Content-Type" content="text/html;charset=utf-8" />
  <meta name='ocr-system' content='tesseract 3.04.00' />
  <meta name='ocr-capabilities' content='ocr_page ocr_carea ocr_par ocr_line ocrx_word'/>
</head>
<body>
  <div class='ocr_page' id='page_1' title='image "./opusculaselecta00creugoog_0174.png"; bbox 0 0 3167 5192; ppageno 0'>
   <div class='ocr_carea' id='block_1_1' title="bbox 324 474 1455 729">
    <p class='ocr_par' dir='ltr' id='par_1_1' title="bbox 324 474 1455 729">
     <span class='ocr_line' id='line_1_1' title="bbox 331 474 392 537; baseline 0 0"><span class='ocrx_word' id='word_1_1' title='bbox 331 474 392 537; x_wconf 80' lang='lat' dir='ltr'><strong>too</strong></span> 
     </span>
     <span class='ocr_line' id='line_1_2' title="bbox 324 580 1455 729; baseline -0.009 -18"><span class='ocrx_word' id='word_1_2' title='bbox 324 662 458 725; x_wconf 60' lang='lat' dir='ltr'><strong>‚aarum</strong></span> <span class='ocrx_word' id='word_1_3' title='bbox 480 640 538 729; x_wconf 71' lang='lat' dir='ltr'><strong>qni</strong></span> <span class='ocrx_word' id='word_1_4' title='bbox 558 580 665 709; x_wconf 71' lang='lat' dir='ltr'><strong>adhuc</strong></span> <span class='ocrx_word' id='word_1_5' title='bbox 684 636 840 717; x_wconf 66' lang='lat' dir='ltr'><strong>Quouis</strong></span> <span class='ocrx_word' id='word_1_6' title='bbox 862 638 1052 722; x_wconf 79' lang='lat' dir='ltr'><strong>docuerant,</strong></span> <span class='ocrx_word' id='word_1_7' title='bbox 1075 636 1248 727; x_wconf 82' lang='lat' dir='ltr'><strong>plerosque</strong></span> <span class='ocrx_word' id='word_1_8' title='bbox 1275 634 1346 705; x_wconf 87' lang='lat' dir='ltr'><strong>hnc</strong></span> <span class='ocrx_word' id='word_1_9' title='bbox 1370 658 1455 703; x_wconf 91' lang='lat' dir='ltr'><strong>con-</strong></span> 
     </span>
    </p>
   </div>
   <div class='ocr_carea' id='block_1_2' title="bbox 319 742 1498 4335">
    <p class='ocr_par' dir='ltr' id='par_1_2' title="bbox 331 742 625 829">
     <span class='ocr_line' id='line_1_3' title="bbox 331 742 625 829; baseline -0.007 -20"><span class='ocrx_word' id='word_1_10' title='bbox 331 742 448 809; x_wconf 87' lang='lat' dir='ltr'><strong>cedere</strong></span> <span class='ocrx_word' id='word_1_11' title='bbox 460 742 625 829; x_wconf 82' lang='lat' dir='ltr'><strong>jussisset.</strong></span> 
     </span>
    </p>

    <p class='ocr_par' dir='ltr' id='par_1_3' title="bbox 319 840 1496 1931">
     <span class='ocr_line' id='line_1_4' title="bbox 413 840 1454 921; baseline -0.008 -10"><span class='ocrx_word' id='word_1_12' title='bbox 413 844 488 911; x_wconf 81' lang='lat' dir='ltr'><strong>lam</strong></span> <span class='ocrx_word' id='word_1_13' title='bbox 508 866 547 911; x_wconf 89' lang='lat' dir='ltr'><strong>eo</strong></span> <span class='ocrx_word' id='word_1_14' title='bbox 561 846 597 909; x_wconf 90' lang='lat' dir='ltr'><strong>in</strong></span> <span class='ocrx_word' id='word_1_15' title='bbox 611 843 683 909; x_wconf 90' lang='lat' dir='ltr'><strong>loco</strong></span> <span class='ocrx_word' id='word_1_16' title='bbox 699 846 893 909; x_wconf 74' lang='lat' dir='ltr'><strong>constitutus</strong></span> <span class='ocrx_word' id='word_1_17' title='bbox 910 851 978 909; x_wconf 89' lang='lat' dir='ltr'><strong>erat</strong></span> <span class='ocrx_word' id='word_1_18' title='bbox 999 845 1223 921; x_wconf 76' lang='lat' dir='ltr'><strong>Ttedemnnaus,</strong></span> <span class='ocrx_word' id='word_1_19' title='bbox 1245 840 1303 907; x_wconf 90' lang='lat' dir='ltr'><strong>ubi</strong></span> <span class='ocrx_word' id='word_1_20' title='bbox 1319 840 1454 905; x_wconf 89' lang='lat' dir='ltr'><strong>doctri-</strong></span> 
     </span>
     <span class='ocr_line' id='line_1_5' title="bbox 323 932 1496 1037; baseline -0.007 -22"><span class='ocrx_word' id='word_1_21' title='bbox 323 958 390 1015; x_wconf 84' lang='lat' dir='ltr'><strong>&#39;nae</strong></span> <span class='ocrx_word' id='word_1_22' title='bbox 410 968 489 1013; x_wconf 86' lang='lat' dir='ltr'><strong>auae</strong></span> <span class='ocrx_word' id='word_1_23' title='bbox 511 947 622 1035; x_wconf 86' lang='lat' dir='ltr'><strong>copias</strong></span> <span class='ocrx_word' id='word_1_24' title='bbox 643 946 678 1011; x_wconf 88' lang='lat' dir='ltr'><strong>in</strong></span> <span class='ocrx_word' id='word_1_25' title='bbox 694 945 906 1037; x_wconf 88' lang='lat' dir='ltr'><strong>plurim0rum</strong></span> <span class='ocrx_word' id='word_1_26' title='bbox 928 966 1023 1011; x_wconf 90' lang='lat' dir='ltr'><strong>usum</strong></span> <span class='ocrx_word' id='word_1_27' title='bbox 1045 943 1209 1031; x_wconf 77' lang='lat' dir='ltr'><strong>explicare</strong></span> <span class='ocrx_word' id='word_1_28' title='bbox 1227 958 1326 1033; x_wconf 84' lang='lat' dir='ltr'><strong>posse</strong></span> <span class='ocrx_word' id='word_1_29' title='bbox 1351 943 1453 1008; x_wconf 90' lang='lat' dir='ltr'><strong>vide·</strong></span> <span class='ocrx_word' id='word_1_30' title='bbox 1495 932 1496 953; x_wconf 51' lang='lat'><em>*</em></span> 
     </span>
     <span class='ocr_line' id='line_1_6' title="bbox 327 1045 1452 1135; baseline -0.005 -19"><span class='ocrx_word' id='word_1_31' title='bbox 327 1059 432 1135; x_wconf 87' lang='lat' dir='ltr'><strong>retur,</strong></span> <span class='ocrx_word' id='word_1_32' title='bbox 466 1072 539 1113; x_wconf 90' lang='lat' dir='ltr'><strong>cum</strong></span> <span class='ocrx_word' id='word_1_33' title='bbox 565 1068 686 1133; x_wconf 81' lang='lat' dir='ltr'><strong>magna</strong></span> <span class='ocrx_word' id='word_1_34' title='bbox 712 1046 857 1135; x_wconf 90' lang='lat' dir='ltr'><strong>quotidie</strong></span> <span class='ocrx_word' id='word_1_35' title='bbox 877 1048 1037 1134; x_wconf 88' lang='lat' dir='ltr'><strong>juvenum</strong></span> <span class='ocrx_word' id='word_1_36' title='bbox 1067 1045 1217 1113; x_wconf 89' lang='lat' dir='ltr'><strong>discendi</strong></span> <span class='ocrx_word' id='word_1_37' title='bbox 1243 1045 1452 1135; x_wconf 88' lang='lat' dir='ltr'><strong>cupidorum</strong></span> 
     </span>
     <span class='ocr_line' id='line_1_7' title="bbox 328 1146 1453 1218; baseline -0.006 0"><span class='ocrx_word' id='word_1_38' title='bbox 328 1150 503 1218; x_wconf 88' lang='lat' dir='ltr'><strong>multitudo</strong></span> <span class='ocrx_word' id='word_1_39' title='bbox 530 1150 574 1215; x_wconf 84' lang='lat' dir='ltr'><strong>ad</strong></span> <span class='ocrx_word' id='word_1_40' title='bbox 600 1169 674 1213; x_wconf 88' lang='lat' dir='ltr'><strong>eum</strong></span> <span class='ocrx_word' id='word_1_41' title='bbox 700 1146 899 1215; x_wconf 88' lang='lat' dir='ltr'><strong>audiendum</strong></span> <span class='ocrx_word' id='word_1_42' title='bbox 921 1148 1214 1215; x_wconf 68' lang='lat' dir='ltr'><strong>ventilantem</strong></span> <span class='ocrx_word' id='word_1_43' title='bbox 1241 1146 1298 1213; x_wconf 91' lang='lat' dir='ltr'><strong>ille</strong></span> <span class='ocrx_word' id='word_1_44' title='bbox 1328 1146 1453 1215; x_wconf 85' lang='lat' dir='ltr'><strong>officio</strong></span> 
     </span>
     <span class='ocr_line' id='line_1_8' title="bbox 329 1248 1452 1341; baseline -0.007 -20"><span class='ocrx_word' id='word_1_45' title='bbox 329 1255 461 1341; x_wconf 79' lang='lat' dir='ltr'>egregie</span> <span class='ocrx_word' id='word_1_46' title='bbox 481 1249 705 1318; x_wconf 75' lang='lat' dir='ltr'><strong>satisfaciebat</strong></span> <span class='ocrx_word' id='word_1_47' title='bbox 723 1248 918 1316; x_wconf 88' lang='lat' dir='ltr'><strong>lectionibus</strong></span> <span class='ocrx_word' id='word_1_48' title='bbox 940 1270 1020 1337; x_wconf 87' lang='lat' dir='ltr'><strong>quas</strong></span> <span class='ocrx_word' id='word_1_49' title='bbox 1041 1250 1118 1315; x_wconf 90' lang='lat' dir='ltr'><strong>inde</strong></span> <span class='ocrx_word' id='word_1_50' title='bbox 1137 1248 1258 1315; x_wconf 87' lang='lat' dir='ltr'><strong>habere</strong></span> <span class='ocrx_word' id='word_1_51' title='bbox 1273 1256 1452 1337; x_wconf 86' lang='lat' dir='ltr'><strong>coeperat,</strong></span> 
     </span>
     <span class='ocr_line' id='line_1_9' title="bbox 322 1350 1449 1441; baseline -0.006 -19"><span class='ocrx_word' id='word_1_52' title='bbox 322 1368 402 1422; x_wconf 86' lang='lat' dir='ltr'><strong>&#39;cum</strong></span> <span class='ocrx_word' id='word_1_53' title='bbox 429 1354 483 1419; x_wconf 90' lang='lat' dir='ltr'><strong>vel</strong></span> <span class='ocrx_word' id='word_1_54' title='bbox 509 1354 653 1419; x_wconf 86' lang='lat' dir='ltr'><strong>traderet</strong></span> <span class='ocrx_word' id='word_1_55' title='bbox 673 1352 846 1439; x_wconf 83' lang='lat' dir='ltr'><strong>Logicam,</strong></span> <span class='ocrx_word' id='word_1_56' title='bbox 880 1352 1152 1441; x_wconf 84' lang='lat' dir='ltr'><strong>Metaphysicam,</strong></span> <span class='ocrx_word' id='word_1_57' title='bbox 1185 1350 1246 1417; x_wconf 89' lang='lat' dir='ltr'><strong>Jus</strong></span> <span class='ocrx_word' id='word_1_58' title='bbox 1276 1350 1449 1435; x_wconf 85' lang='lat' dir='ltr'><strong>naturale,</strong></span> 
     </span>
     <span class='ocr_line' id='line_1_10' title="bbox 319 1452 1448 1576; baseline -0.005 -51"><span class='ocrx_word' id='word_1_59' title='bbox 319 1457 588 1576; x_wconf 22' lang='lat' dir='ltr'><strong>‘Psychologiarn</strong></span> <span class='ocrx_word' id='word_1_60' title='bbox 611 1454 852 1543; x_wconf 75' lang='lat' dir='ltr'><strong>Philosophiam</strong></span> <span class='ocrx_word' id='word_1_61' title='bbox 872 1476 1006 1538; x_wconf 90' lang='lat' dir='ltr'><strong>morum,</strong></span> <span class='ocrx_word' id='word_1_62' title='bbox 1027 1453 1082 1519; x_wconf 88' lang='lat' dir='ltr'><strong>vel</strong></span> <span class='ocrx_word' id='word_1_63' title='bbox 1103 1474 1190 1519; x_wconf 87' lang='lat' dir='ltr'><strong>nunc</strong></span> <span class='ocrx_word' id='word_1_64' title='bbox 1210 1452 1448 1543; x_wconf 72' lang='lat' dir='ltr'>philosophiae</span> 
     </span>
     <span class='ocr_line' id='line_1_11' title="bbox 327 1555 1448 1645; baseline -0.007 -18"><span class='ocrx_word' id='word_1_65' title='bbox 327 1582 414 1627; x_wconf 89' lang='lat' dir='ltr'><strong>nunc</strong></span> <span class='ocrx_word' id='word_1_66' title='bbox 434 1560 560 1645; x_wconf 81' lang='lat' dir='ltr'><strong>ingenii</strong></span> <span class='ocrx_word' id='word_1_67' title='bbox 580 1557 713 1623; x_wconf 87' lang='lat' dir='ltr'><strong>humani</strong></span> <span class='ocrx_word' id='word_1_68' title='bbox 729 1558 911 1635; x_wconf 82' lang='lat' dir='ltr'><strong>Historiam</strong></span> <span class='ocrx_word' id='word_1_69' title='bbox 932 1564 1088 1641; x_wconf 74' lang='lat' dir='ltr'>narraret,</span> <span class='ocrx_word' id='word_1_70' title='bbox 1110 1556 1165 1621; x_wconf 85' lang='lat' dir='ltr'><strong>vel</strong></span> <span class='ocrx_word' id='word_1_71' title='bbox 1179 1555 1357 1638; x_wconf 72' lang='lat' dir='ltr'><strong>Plutarchi,</strong></span> <span class='ocrx_word' id='word_1_72' title='bbox 1384 1555 1448 1643; x_wconf 92' lang='lat' dir='ltr'><strong>qui</strong></span> 
     </span>
     <span class='ocr_line' id='line_1_12' title="bbox 326 1658 1445 1749; baseline -0.004 -23"><span class='ocrx_word' id='word_1_73' title='bbox 326 1661 441 1744; x_wconf 83' lang='lat' dir='ltr'><strong>fertur,</strong></span> <span class='ocrx_word' id='word_1_74' title='bbox 461 1662 502 1725; x_wconf 92' lang='lat' dir='ltr'><strong>de</strong></span> <span class='ocrx_word' id='word_1_75' title='bbox 519 1661 647 1748; x_wconf 87' lang='lat' dir='ltr'><strong>placitis</strong></span> <span class='ocrx_word' id='word_1_76' title='bbox 669 1658 934 1749; x_wconf 89' lang='lat' dir='ltr'><strong>philosophorum</strong></span> <span class='ocrx_word' id='word_1_77' title='bbox 951 1659 1105 1745; x_wconf 90' lang='lat' dir='ltr'><strong>libellum,</strong></span> <span class='ocrx_word' id='word_1_78' title='bbox 1128 1658 1445 1743; x_wconf 85' lang='lat' dir='ltr'><strong>Platonicorumque</strong></span> 
     </span>
     <span class='ocr_line' id='line_1_13' title="bbox 329 1759 1444 1851; baseline -0.005 -23"><span class='ocrx_word' id='word_1_79' title='bbox 329 1762 532 1848; x_wconf 78' lang='lat' dir='ltr'><strong>dialogorum</strong></span> <span class='ocrx_word' id='word_1_80' title='bbox 549 1784 650 1828; x_wconf 90' lang='lat' dir='ltr'><strong>unum</strong></span> <span class='ocrx_word' id='word_1_81' title='bbox 671 1762 813 1850; x_wconf 87' lang='lat' dir='ltr'><strong>itemque</strong></span> <span class='ocrx_word' id='word_1_82' title='bbox 833 1762 970 1830; x_wconf 87' lang='lat' dir='ltr'><strong>alterum</strong></span> <span class='ocrx_word' id='word_1_83' title='bbox 992 1762 1170 1851; x_wconf 80' lang='lat' dir='ltr'><strong>explicaret</strong></span> <span class='ocrx_word' id='word_1_84' title='bbox 1190 1780 1262 1827; x_wconf 86' lang='lat' dir='ltr'><strong>cum</strong></span> <span class='ocrx_word' id='word_1_85' title='bbox 1284 1759 1444 1823; x_wconf 87' lang='lat' dir='ltr'><strong>carmini-</strong></span> 
     </span>
     <span class='ocr_line' id='line_1_14' title="bbox 328 1863 606 1931; baseline -0.004 0"><span class='ocrx_word' id='word_1_86' title='bbox 328 1864 390 1931; x_wconf 87' lang='lat' dir='ltr'><strong>bus</strong></span> <span class='ocrx_word' id='word_1_87' title='bbox 411 1863 606 1930; x_wconf 87' lang='lat' dir='ltr'><strong>Homericis.</strong></span> 
     </span>
    </p>

    <p class='ocr_par' dir='ltr' id='par_1_4' title="bbox 321 1950 1498 3902">
     <span class='ocr_line' id='line_1_15' title="bbox 413 1950 1441 2055; baseline -0.007 -23"><span class='ocrx_word' id='word_1_88' title='bbox 413 1950 520 2055; x_wconf 78' lang='lat' dir='ltr'><strong>Atque</strong></span> <span class='ocrx_word' id='word_1_89' title='bbox 547 1975 585 2032; x_wconf 91' lang='lat' dir='ltr'><strong>ut</strong></span> <span class='ocrx_word' id='word_1_90' title='bbox 607 1967 747 2054; x_wconf 89' lang='lat' dir='ltr'><strong>primum</strong></span> <span class='ocrx_word' id='word_1_91' title='bbox 774 1967 816 2032; x_wconf 90' lang='lat' dir='ltr'><strong>de</strong></span> <span class='ocrx_word' id='word_1_92' title='bbox 843 1966 909 2033; x_wconf 89' lang='lat' dir='ltr'><strong>illis</strong></span> <span class='ocrx_word' id='word_1_93' title='bbox 931 1967 1117 2050; x_wconf 85' lang='lat' dir='ltr'><strong>videamus,</strong></span> <span class='ocrx_word' id='word_1_94' title='bbox 1146 1964 1263 2054; x_wconf 90' lang='lat' dir='ltr'><strong>quibus</strong></span> <span class='ocrx_word' id='word_1_95' title='bbox 1285 1960 1441 2047; x_wconf 84' lang='lat' dir='ltr'><strong>singulas</strong></span> 
     </span>
     <span class='ocr_line' id='line_1_16' title="bbox 327 2063 1440 2160; baseline -0.006 -24"><span class='ocrx_word' id='word_1_96' title='bbox 327 2069 552 2160; x_wconf 76' lang='lat' dir='ltr'><strong>philosophiae</strong></span> <span class='ocrx_word' id='word_1_97' title='bbox 577 2076 687 2156; x_wconf 88' lang='lat' dir='ltr'><strong>partes</strong></span> <span class='ocrx_word' id='word_1_98' title='bbox 709 2068 901 2153; x_wconf 87' lang='lat' dir='ltr'><strong>illustravit,</strong></span> <span class='ocrx_word' id='word_1_99' title='bbox 931 2091 1041 2135; x_wconf 83' lang='lat' dir='ltr'><strong>aarum</strong></span> <span class='ocrx_word' id='word_1_100' title='bbox 1063 2068 1264 2157; x_wconf 85' lang='lat' dir='ltr'><strong>praestantia</strong></span> <span class='ocrx_word' id='word_1_101' title='bbox 1284 2063 1376 2131; x_wconf 90' lang='lat' dir='ltr'><strong>nulla</strong></span> <span class='ocrx_word' id='word_1_102' title='bbox 1402 2086 1440 2129; x_wconf 89' lang='lat' dir='ltr'><strong>re</strong></span> 
     </span>
     <span class='ocr_line' id='line_1_17' title="bbox 323 2170 1498 2259; baseline -0.005 -20"><span class='ocrx_word' id='word_1_103' title='bbox 323 2175 433 2259; x_wconf 78' lang='lat' dir='ltr'><strong>&#39;magis</strong></span> <span class='ocrx_word' id='word_1_104' title='bbox 455 2171 620 2237; x_wconf 87' lang='lat' dir='ltr'><strong>aestimari</strong></span> <span class='ocrx_word' id='word_1_105' title='bbox 639 2170 772 2257; x_wconf 90' lang='lat' dir='ltr'><strong>poterit,</strong></span> <span class='ocrx_word' id='word_1_106' title='bbox 797 2192 893 2259; x_wconf 90' lang='lat' dir='ltr'><strong>quam</strong></span> <span class='ocrx_word' id='word_1_107' title='bbox 915 2173 944 2236; x_wconf 91' lang='lat' dir='ltr'><strong>si</strong></span> <span class='ocrx_word' id='word_1_108' title='bbox 965 2172 1074 2236; x_wconf 89' lang='lat' dir='ltr'><strong>animo</strong></span> <span class='ocrx_word' id='word_1_109' title='bbox 1095 2170 1337 2236; x_wconf 85' lang='lat' dir='ltr'><strong>consideremus</strong></span> <span class='ocrx_word' id='word_1_110' title='bbox 1361 2188 1440 2233; x_wconf 89' lang='lat' dir='ltr'><strong>cum</strong></span> <span class='ocrx_word' id='word_1_111' title='bbox 1497 2220 1498 2225; x_wconf 31' lang='lat'>1</span> 
     </span>
     <span class='ocr_line' id='line_1_18' title="bbox 327 2273 1440 2362; baseline -0.006 -21"><span class='ocrx_word' id='word_1_112' title='bbox 327 2276 531 2361; x_wconf 77' lang='lat' dir='ltr'><strong>ingeniorum</strong></span> <span class='ocrx_word' id='word_1_113' title='bbox 559 2273 756 2362; x_wconf 86' lang='lat' dir='ltr'><strong>juvenilium</strong></span> <span class='ocrx_word' id='word_1_114' title='bbox 778 2275 927 2359; x_wconf 91' lang='lat' dir='ltr'><strong>modum,</strong></span> <span class='ocrx_word' id='word_1_115' title='bbox 956 2282 1024 2339; x_wconf 91' lang='lat' dir='ltr'><strong>tum</strong></span> <span class='ocrx_word' id='word_1_116' title='bbox 1055 2274 1171 2338; x_wconf 84' lang='lat' dir='ltr'><strong>aetatis</strong></span> <span class='ocrx_word' id='word_1_117' title='bbox 1200 2279 1346 2354; x_wconf 88' lang='lat' dir='ltr'><strong>nostrae,</strong></span> <span class='ocrx_word' id='word_1_118' title='bbox 1376 2290 1440 2357; x_wconf 88' lang='lat' dir='ltr'><strong>per</strong></span> 
     </span>
     <span class='ocr_line' id='line_1_19' title="bbox 328 2372 1438 2463; baseline -0.004 -20"><span class='ocrx_word' id='word_1_119' title='bbox 328 2376 536 2443; x_wconf 80' lang='lat' dir='ltr'><strong>Germaniam</strong></span> <span class='ocrx_word' id='word_1_120' title='bbox 559 2376 709 2458; x_wconf 84' lang='lat' dir='ltr'><strong>maxime,</strong></span> <span class='ocrx_word' id='word_1_121' title='bbox 728 2398 850 2442; x_wconf 90' lang='lat' dir='ltr'><strong>morem</strong></span> <span class='ocrx_word' id='word_1_122' title='bbox 874 2386 906 2441; x_wconf 91' lang='lat' dir='ltr'><strong>ct</strong></span> <span class='ocrx_word' id='word_1_123' title='bbox 924 2377 1077 2443; x_wconf 88' lang='lat' dir='ltr'><strong>indolem.</strong></span> <span class='ocrx_word' id='word_1_124' title='bbox 1114 2376 1187 2442; x_wconf 91' lang='lat' dir='ltr'><strong>Jam</strong></span> <span class='ocrx_word' id='word_1_125' title='bbox 1208 2376 1349 2463; x_wconf 88' lang='lat' dir='ltr'><strong>primum</strong></span> <span class='ocrx_word' id='word_1_126' title='bbox 1371 2372 1438 2439; x_wconf 87' lang='lat' dir='ltr'><strong>hoc</strong></span> 
     </span>
     <span class='ocr_line' id='line_1_20' title="bbox 325 2478 1438 2568; baseline -0.004 -24"><span class='ocrx_word' id='word_1_127' title='bbox 325 2479 501 2563; x_wconf 85' lang='lat' dir='ltr'><strong>unicuique</strong></span> <span class='ocrx_word' id='word_1_128' title='bbox 528 2484 631 2564; x_wconf 85' lang='lat' dir='ltr'><strong>patet:</strong></span> <span class='ocrx_word' id='word_1_129' title='bbox 665 2482 827 2545; x_wconf 90' lang='lat' dir='ltr'><strong>communi</strong></span> <span class='ocrx_word' id='word_1_130' title='bbox 849 2478 1082 2547; x_wconf 84' lang='lat' dir='ltr'><strong>consuetudine</strong></span> <span class='ocrx_word' id='word_1_131' title='bbox 1102 2483 1268 2568; x_wconf 85' lang='lat' dir='ltr'><strong>receptum</strong></span> <span class='ocrx_word' id='word_1_132' title='bbox 1286 2498 1375 2560; x_wconf 89' lang='lat' dir='ltr'><strong>csse,</strong></span> <span class='ocrx_word' id='word_1_133' title='bbox 1400 2484 1438 2541; x_wconf 89' lang='lat' dir='ltr'><strong>ut</strong></span> 
     </span>
     <span class='ocr_line' id='line_1_21' title="bbox 328 2570 1434 2670; baseline -0.002 -23"><span class='ocrx_word' id='word_1_134' title='bbox 328 2570 478 2647; x_wconf 79' lang='lat' dir='ltr'><strong>ludorum¹</strong></span> <span class='ocrx_word' id='word_1_135' title='bbox 507 2579 666 2644; x_wconf 88' lang='lat' dir='ltr'><strong>tirociniis</strong></span> <span class='ocrx_word' id='word_1_136' title='bbox 705 2582 813 2645; x_wconf 90' lang='lat' dir='ltr'><strong>statim</strong></span> <span class='ocrx_word' id='word_1_137' title='bbox 849 2582 1024 2647; x_wconf 86' lang='lat' dir='ltr'><strong>succedant</strong></span> <span class='ocrx_word' id='word_1_138' title='bbox 1054 2582 1163 2647; x_wconf 88' lang='lat' dir='ltr'><strong>studia</strong></span> <span class='ocrx_word' id='word_1_139' title='bbox 1195 2579 1434 2670; x_wconf 81' lang='lat' dir='ltr'><strong>philosophica.</strong></span> 
     </span>
     <span class='ocr_line' id='line_1_22' title="bbox 328 2682 1433 2771; baseline -0.001 -23"><span class='ocrx_word' id='word_1_140' title='bbox 328 2683 425 2748; x_wconf 90' lang='lat' dir='ltr'><strong>Unde</strong></span> <span class='ocrx_word' id='word_1_141' title='bbox 445 2682 498 2765; x_wconf 90' lang='lat' dir='ltr'><strong>fit,</strong></span> <span class='ocrx_word' id='word_1_142' title='bbox 523 2688 560 2745; x_wconf 91' lang='grc' dir='ltr'><strong>ιιι</strong></span> <span class='ocrx_word' id='word_1_143' title='bbox 585 2700 796 2771; x_wconf 85' lang='lat' dir='ltr'><strong>quaecunque</strong></span> <span class='ocrx_word' id='word_1_144' title='bbox 821 2686 927 2771; x_wconf 87' lang='lat' dir='ltr'><strong>prima</strong></span> <span class='ocrx_word' id='word_1_145' title='bbox 945 2684 1066 2751; x_wconf 85' lang='lat' dir='ltr'><strong>tradita</strong></span> <span class='ocrx_word' id='word_1_146' title='bbox 1088 2684 1186 2751; x_wconf 84' lang='lat' dir='ltr'><strong>fuerit</strong></span> <span class='ocrx_word' id='word_1_147' title='bbox 1205 2682 1433 2771; x_wconf 88' lang='lat' dir='ltr'><strong>philosophiae</strong></span> 
     </span>
     <span class='ocr_line' id='line_1_23' title="bbox 324 2779 1433 2876; baseline -0.001 -25"><span class='ocrx_word' id='word_1_148' title='bbox 324 2786 418 2868; x_wconf 87' lang='lat' dir='ltr'><strong>ratio,</strong></span> <span class='ocrx_word' id='word_1_149' title='bbox 441 2806 480 2848; x_wconf 87' lang='lat' dir='ltr'><strong>ea</strong></span> <span class='ocrx_word' id='word_1_150' title='bbox 501 2783 629 2847; x_wconf 87' lang='lat' dir='ltr'><strong>tenellis</strong></span> <span class='ocrx_word' id='word_1_151' title='bbox 651 2785 766 2851; x_wconf 90' lang='lat' dir='ltr'><strong>animis</strong></span> <span class='ocrx_word' id='word_1_152' title='bbox 787 2785 946 2851; x_wconf 88' lang='lat' dir='ltr'><strong>altissime</strong></span> <span class='ocrx_word' id='word_1_153' title='bbox 965 2779 1164 2873; x_wconf 77' lang='lat' dir='ltr'><strong>consignata,</strong></span> <span class='ocrx_word' id='word_1_154' title='bbox 1183 2787 1304 2876; x_wconf 89' lang='lat' dir='ltr'><strong>optima</strong></span> <span class='ocrx_word' id='word_1_155' title='bbox 1320 2785 1433 2851; x_wconf 87' lang='lat' dir='ltr'><strong>videa·</strong></span> 
     </span>
     <span class='ocr_line' id='line_1_24' title="bbox 321 2883 1433 2975; baseline -0.003 -20"><span class='ocrx_word' id='word_1_156' title='bbox 321 2896 394 2971; x_wconf 87' lang='lat' dir='ltr'><strong>tur,</strong></span> <span class='ocrx_word' id='word_1_157' title='bbox 422 2888 568 2973; x_wconf 83' lang='lat' dir='ltr'><strong>adeoque</strong></span> <span class='ocrx_word' id='word_1_158' title='bbox 593 2883 843 2973; x_wconf 86' lang='lat' dir='ltr'><strong>plerique&#39;casu</strong></span> <span class='ocrx_word' id='word_1_159' title='bbox 868 2886 1054 2975; x_wconf 87' lang='lat' dir='ltr'><strong>philosophi</strong></span> <span class='ocrx_word' id='word_1_160' title='bbox 1077 2888 1166 2953; x_wconf 85' lang='lat' dir='ltr'><strong>liant.</strong></span> <span class='ocrx_word' id='word_1_161' title='bbox 1211 2886 1363 2954; x_wconf 82' lang='lat' dir='ltr'><strong>Alterum</strong></span> <span class='ocrx_word' id='word_1_162' title='bbox 1387 2888 1433 2953; x_wconf 86' lang='lat' dir='ltr'><strong>vi-</strong></span> 
     </span>
     <span class='ocr_line' id='line_1_25' title="bbox 326 2988 1434 3079; baseline 0 -26"><span class='ocrx_word' id='word_1_163' title='bbox 326 2990 423 3072; x_wconf 90' lang='lat' dir='ltr'><strong>tium,</strong></span> <span class='ocrx_word' id='word_1_164' title='bbox 452 2989 586 3072; x_wconf 80' lang='lat' dir='ltr'><strong>aetatis,</strong></span> <span class='ocrx_word' id='word_1_165' title='bbox 612 2989 647 3052; x_wconf 92' lang='lat' dir='ltr'><strong>in</strong></span> <span class='ocrx_word' id='word_1_166' title='bbox 675 3010 714 3053; x_wconf 93' lang='lat' dir='ltr'><strong>eo</strong></span> <span class='ocrx_word' id='word_1_167' title='bbox 743 2990 942 3074; x_wconf 87' lang='lat' dir='ltr'><strong>continetur,</strong></span> <span class='ocrx_word' id='word_1_168' title='bbox 969 2991 1056 3079; x_wconf 90' lang='lat' dir='ltr'><strong>quod</strong></span> <span class='ocrx_word' id='word_1_169' title='bbox 1077 2988 1225 3059; x_wconf 88' lang='lat' dir='ltr'><strong>nonnulli</strong></span> <span class='ocrx_word' id='word_1_170' title='bbox 1246 2989 1434 3077; x_wconf 89' lang='lat' dir='ltr'><strong>philosophi</strong></span> 
     </span>
     <span class='ocr_line' id='line_1_26' title="bbox 324 3084 1433 3185; baseline 0.001 -30"><span class='ocrx_word' id='word_1_171' title='bbox 324 3088 563 3185; x_wconf 84' lang='lat' dir='ltr'><strong>philosophiam</strong></span> <span class='ocrx_word' id='word_1_172' title='bbox 596 3088 778 3185; x_wconf 77' lang='lat' dir='ltr'><strong>disserepdi</strong></span> <span class='ocrx_word' id='word_1_173' title='bbox 810 3092 912 3183; x_wconf 80' lang='lat' dir='ltr'><strong>spinis</strong></span> <span class='ocrx_word' id='word_1_174' title='bbox 942 3092 1180 3182; x_wconf 79' lang='lat' dir='ltr'><strong>verborumque</strong></span> <span class='ocrx_word' id='word_1_175' title='bbox 1203 3084 1349 3164; x_wconf 71' lang='grc' dir='ltr'>ιιοιὶιιιι</span> <span class='ocrx_word' id='word_1_176' title='bbox 1378 3091 1433 3157; x_wconf 89' lang='lat' dir='ltr'><strong>ob·</strong></span> 
     </span>
     <span class='ocr_line' id='line_1_27' title="bbox 327 3169 1471 3293; baseline -0.002 -36"><span class='ocrx_word' id='word_1_177' title='bbox 327 3200 482 3257; x_wconf 86' lang='lat' dir='ltr'><strong>structam</strong></span> <span class='ocrx_word' id='word_1_178' title='bbox 504 3194 645 3284; x_wconf 83' lang='lat' dir='ltr'><strong>stupenti</strong></span> <span class='ocrx_word' id='word_1_179' title='bbox 661 3169 829 3280; x_wconf 85' lang='lat' dir='ltr'><strong>juventuti</strong></span> <span class='ocrx_word' id='word_1_180' title='bbox 846 3201 1011 3293; x_wconf 84' lang='lat' dir='ltr'><strong>tamquam</strong></span> <span class='ocrx_word' id='word_1_181' title='bbox 1029 3196 1124 3263; x_wconf 83' lang='lat' dir='ltr'><strong>unice</strong></span> <span class='ocrx_word' id='word_1_182' title='bbox 1136 3218 1247 3263; x_wconf 83' lang='lat' dir='ltr'><strong>veram</strong></span> <span class='ocrx_word' id='word_1_183' title='bbox 1261 3194 1433 3261; x_wconf 85' lang='lat' dir='ltr'><strong>venditan-</strong></span> <span class='ocrx_word' id='word_1_184' title='bbox 1468 3250 1471 3255; x_wconf 86' lang='lat'>.</span> 
     </span>
     <span class='ocr_line' id='line_1_28' title="bbox 325 3297 1433 3390; baseline -0.002 -27"><span class='ocrx_word' id='word_1_185' title='bbox 325 3303 385 3382; x_wconf 86' lang='lat' dir='ltr'><strong>tes,</strong></span> <span class='ocrx_word' id='word_1_186' title='bbox 403 3303 494 3359; x_wconf 89' lang='lat' dir='ltr'><strong>tanta</strong></span> <span class='ocrx_word' id='word_1_187' title='bbox 516 3315 557 3362; x_wconf 91' lang='lat' dir='ltr'><strong>se</strong></span> <span class='ocrx_word' id='word_1_188' title='bbox 563 3304 683 3378; x_wconf 80' lang='lat' dir='ltr'><strong>mutuo</strong></span> <span class='ocrx_word' id='word_1_189' title='bbox 693 3298 904 3390; x_wconf 76' lang='lat' dir='ltr'><strong>contentione</strong></span> <span class='ocrx_word' id='word_1_190' title='bbox 918 3306 1042 3387; x_wconf 85' lang='lat' dir='ltr'><strong>petunt,</strong></span> <span class='ocrx_word' id='word_1_191' title='bbox 1061 3306 1098 3365; x_wconf 90' lang='lat' dir='ltr'><strong>ut</strong></span> <span class='ocrx_word' id='word_1_192' title='bbox 1111 3298 1195 3368; x_wconf 89' lang='lat' dir='ltr'><strong>alius</strong></span> <span class='ocrx_word' id='word_1_193' title='bbox 1210 3297 1267 3363; x_wconf 90' lang='lat' dir='ltr'><strong>alii</strong></span> <span class='ocrx_word' id='word_1_194' title='bbox 1281 3297 1433 3385; x_wconf 86' lang='lat' dir='ltr'><strong>desipere</strong></span> 
     </span>
     <span class='ocr_line' id='line_1_29' title="bbox 320 3377 1432 3489; baseline 0.002 -26.009"><span class='ocrx_word' id='word_1_195' title='bbox 320 3386 523 3481; x_wconf 84' lang='lat' dir='ltr'><strong>videatur,</strong></span> <span class='ocrx_word' id='word_1_196' title='bbox 508 3417 729 3485; x_wconf 68' lang='lat' dir='ltr'><strong>juvenesque,</strong></span> <span class='ocrx_word' id='word_1_197' title='bbox 751 3377 888 3467; x_wconf 73' lang='lat' dir='ltr'><strong>simmae</strong></span> <span class='ocrx_word' id='word_1_198' title='bbox 907 3400 1102 3489; x_wconf 85' lang='lat' dir='ltr'><strong>suspicando</strong></span> <span class='ocrx_word' id='word_1_199' title='bbox 1121 3404 1242 3487; x_wconf 85' lang='lat' dir='ltr'><strong>magis,</strong></span> <span class='ocrx_word' id='word_1_200' title='bbox 1265 3420 1364 3487; x_wconf 88' lang='lat' dir='ltr'><strong>quam</strong></span> <span class='ocrx_word' id='word_1_201' title='bbox 1385 3400 1432 3465; x_wconf 91' lang='lat' dir='ltr'><strong>in-</strong></span> 
     </span>
     <span class='ocr_line' id='line_1_30' title="bbox 324 3487 1433 3591; baseline 0.005 -30"><span class='ocrx_word' id='word_1_202' title='bbox 324 3496 502 3588; x_wconf 84' lang='lat' dir='ltr'><strong>telligendo</strong></span> <span class='ocrx_word' id='word_1_203' title='bbox 526 3498 669 3591; x_wconf 80' lang='lat' dir='ltr'><strong>aliquam</strong></span> <span class='ocrx_word' id='word_1_204' title='bbox 696 3487 818 3568; x_wconf 83' lang='lat' dir='ltr'><strong>sectam</strong></span> <span class='ocrx_word' id='word_1_205' title='bbox 845 3502 987 3589; x_wconf 62' lang='lat' dir='ltr'><strong>ampleui</strong></span> <span class='ocrx_word' id='word_1_206' title='bbox 1010 3502 1090 3587; x_wconf 85' lang='lat' dir='ltr'><strong>siut,</strong></span> <span class='ocrx_word' id='word_1_207' title='bbox 1121 3503 1162 3571; x_wconf 84' lang='lat' dir='ltr'><strong>dc</strong></span> <span class='ocrx_word' id='word_1_208' title='bbox 1179 3500 1433 3590; x_wconf 79' lang='lat' dir='ltr'><strong>abstrusissimis</strong></span> 
     </span>
     <span class='ocr_line' id='line_1_31' title="bbox 325 3599 1431 3699; baseline 0.004 -34"><span class='ocrx_word' id='word_1_209' title='bbox 325 3599 423 3672; x_wconf 87' lang='lat' dir='ltr'><strong>rebus</strong></span> <span class='ocrx_word' id='word_1_210' title='bbox 442 3608 530 3697; x_wconf 79' lang='lat' dir='ltr'><strong>certo</strong></span> <span class='ocrx_word' id='word_1_211' title='bbox 544 3600 683 3695; x_wconf 80' lang='lat' dir='ltr'><strong>judicio,</strong></span> <span class='ocrx_word' id='word_1_212' title='bbox 703 3624 743 3666; x_wconf 87' lang='lat' dir='ltr'><strong>ac</strong></span> <span class='ocrx_word' id='word_1_213' title='bbox 761 3601 852 3699; x_wconf 87' lang='lat' dir='ltr'><strong>velut</strong></span> <span class='ocrx_word' id='word_1_214' title='bbox 878 3603 1046 3671; x_wconf 88' lang='lat' dir='ltr'><strong>divinitus</strong></span> <span class='ocrx_word' id='word_1_215' title='bbox 1056 3606 1242 3671; x_wconf 87' lang='lat' dir='ltr'><strong>decernant.</strong></span> <span class='ocrx_word' id='word_1_216' title='bbox 1272 3601 1345 3690; x_wconf 79' lang='lat' dir='ltr'><strong>Quo</strong></span> <span class='ocrx_word' id='word_1_217' title='bbox 1363 3605 1431 3693; x_wconf 90' lang='lat' dir='ltr'><strong>qni·</strong></span> 
     </span>
     <span class='ocr_line' id='line_1_32' title="bbox 324 3700 1431 3797; baseline 0.007 -32"><span class='ocrx_word' id='word_1_218' title='bbox 324 3700 399 3794; x_wconf 80' lang='lat' dir='ltr'><strong>dem</strong></span> <span class='ocrx_word' id='word_1_219' title='bbox 420 3724 472 3766; x_wconf 83' lang='grc' dir='ltr'><strong>ιιι</strong></span> <span class='ocrx_word' id='word_1_220' title='bbox 488 3724 534 3767; x_wconf 91' lang='lat' dir='ltr'><strong>eo</strong></span> <span class='ocrx_word' id='word_1_221' title='bbox 551 3702 622 3789; x_wconf 91' lang='lat' dir='ltr'><strong>jam</strong></span> <span class='ocrx_word' id='word_1_222' title='bbox 644 3702 784 3769; x_wconf 87' lang='lat' dir='ltr'><strong>adducta</strong></span> <span class='ocrx_word' id='word_1_223' title='bbox 800 3713 857 3789; x_wconf 89' lang='lat' dir='ltr'><strong>est,</strong></span> <span class='ocrx_word' id='word_1_224' title='bbox 880 3706 943 3771; x_wconf 92' lang='lat' dir='ltr'><strong>ut</strong></span> <span class='ocrx_word' id='word_1_225' title='bbox 934 3728 1031 3795; x_wconf 87' lang='lat' dir='ltr'><strong>rpsa</strong></span> <span class='ocrx_word' id='word_1_226' title='bbox 1024 3706 1137 3797; x_wconf 86' lang='lat' dir='ltr'><strong>divina</strong></span> <span class='ocrx_word' id='word_1_227' title='bbox 1151 3706 1208 3773; x_wconf 89' lang='lat' dir='ltr'><strong>illa</strong></span> <span class='ocrx_word' id='word_1_228' title='bbox 1223 3704 1431 3796; x_wconf 80' lang='lat' dir='ltr'><strong>philosophia</strong></span> 
     </span>
     <span class='ocr_line' id='line_1_33' title="bbox 325 3775 941 3902; baseline 0.01 -35"><span class='ocrx_word' id='word_1_229' title='bbox 325 3775 490 3902; x_wconf 79' lang='lat' dir='ltr'><strong>nonnullis</strong></span> <span class='ocrx_word' id='word_1_230' title='bbox 511 3799 687 3871; x_wconf 80' lang='lat' dir='ltr'><strong>contemtui</strong></span> <span class='ocrx_word' id='word_1_231' title='bbox 706 3829 777 3873; x_wconf 87' lang='lat' dir='ltr'><strong>esse</strong></span> <span class='ocrx_word' id='word_1_232' title='bbox 796 3808 941 3897; x_wconf 87' lang='lat' dir='ltr'><strong>incipiat.</strong></span> 
     </span>
    </p>

    <p class='ocr_par' dir='ltr' id='par_1_5' title="bbox 320 3902 1431 4307">
     <span class='ocr_line' id='line_1_34' title="bbox 408 3902 1431 4001; baseline 0.009 -33"><span class='ocrx_word' id='word_1_233' title='bbox 408 3902 464 3969; x_wconf 89' lang='lat' dir='ltr'><strong>Illi</strong></span> <span class='ocrx_word' id='word_1_234' title='bbox 485 3906 615 4001; x_wconf 84' lang='lat' dir='ltr'><strong>quidem</strong></span> <span class='ocrx_word' id='word_1_235' title='bbox 635 3907 715 3975; x_wconf 82' lang='lat' dir='ltr'><strong>vitio</strong></span> <span class='ocrx_word' id='word_1_236' title='bbox 742 3914 958 4000; x_wconf 69' lang='lat' dir='ltr'><strong>ladmonem</strong></span> <span class='ocrx_word' id='word_1_237' title='bbox 979 3912 1153 3982; x_wconf 85' lang='lat' dir='ltr'><strong>salubriter</strong></span> <span class='ocrx_word' id='word_1_238' title='bbox 1159 3911 1355 3999; x_wconf 69' lang='lat' dir='ltr'><strong>occurit,</strong></span> <span class='ocrx_word' id='word_1_239' title='bbox 1357 3932 1431 3977; x_wconf 84' lang='lat' dir='ltr'><strong>cunr</strong></span> 
     </span>
     <span class='ocr_line' id='line_1_35' title="bbox 325 4006 1430 4098; baseline 0.008 -23"><span class='ocrx_word' id='word_1_240' title='bbox 325 4031 361 4075; x_wconf 87' lang='lat' dir='ltr'><strong>se</strong></span> <span class='ocrx_word' id='word_1_241' title='bbox 391 4014 434 4073; x_wconf 83' lang='lat' dir='ltr'><strong>eir</strong></span> <span class='ocrx_word' id='word_1_242' title='bbox 463 4006 637 4076; x_wconf 84' lang='lat' dir='ltr'><strong>verborum</strong></span> <span class='ocrx_word' id='word_1_243' title='bbox 669 4012 865 4097; x_wconf 84' lang='lat' dir='ltr'><strong>obscuritate</strong></span> <span class='ocrx_word' id='word_1_244' title='bbox 895 4024 928 4083; x_wconf 91' lang='lat' dir='ltr'><strong>et</strong></span> <span class='ocrx_word' id='word_1_245' title='bbox 954 4016 1133 4085; x_wconf 86' lang='lat' dir='ltr'><strong>involucris</strong></span> <span class='ocrx_word' id='word_1_246' title='bbox 1160 4014 1204 4086; x_wconf 83' lang='lat' dir='ltr'><strong>ad</strong></span> <span class='ocrx_word' id='word_1_247' title='bbox 1231 4015 1430 4098; x_wconf 67' lang='lat' dir='ltr'><strong>sociatum</strong></span> 
     </span>
     <span class='ocr_line' id='line_1_36' title="bbox 320 4113 1428 4213; baseline 0.006 -36"><span class='ocrx_word' id='word_1_248' title='bbox 320 4113 604 4213; x_wconf 79' lang='lat' dir='ltr'><strong>perspicuitatem</strong></span> <span class='ocrx_word' id='word_1_249' title='bbox 616 4115 780 4203; x_wconf 83' lang='lat' dir='ltr'><strong>explicare</strong></span> <span class='ocrx_word' id='word_1_250' title='bbox 803 4116 962 4200; x_wconf 85' lang='lat' dir='ltr'><strong>studeret,</strong></span> <span class='ocrx_word' id='word_1_251' title='bbox 995 4120 1167 4207; x_wconf 83' lang='lat' dir='ltr'><strong>omniaque</strong></span> <span class='ocrx_word' id='word_1_252' title='bbox 1186 4117 1334 4201; x_wconf 77' lang='grc' dir='ltr'>ιιιιιιι,</span> <span class='ocrx_word' id='word_1_253' title='bbox 1365 4136 1428 4205; x_wconf 78' lang='lat' dir='ltr'><strong>qut</strong></span> 
     </span>
     <span class='ocr_line' id='line_1_37' title="bbox 321 4202 1429 4335; baseline 0.004 -56.004"><span class='ocrx_word' id='word_1_254' title='bbox 321 4212 484 4306; x_wconf 82' lang='lat' dir='ltr'><strong>tironibus</strong></span> <span class='ocrx_word' id='word_1_255' title='bbox 515 4215 639 4281; x_wconf 82' lang='lat' dir='ltr'><strong>aditum</strong></span> <span class='ocrx_word' id='word_1_256' title='bbox 674 4218 716 4283; x_wconf 85' lang='lat' dir='ltr'><strong>ad</strong></span> <span class='ocrx_word' id='word_1_257' title='bbox 752 4202 1006 4335; x_wconf 83' lang='lat' dir='ltr'><strong>philosophiam</strong></span> <span class='ocrx_word' id='word_1_258' title='bbox 1025 4228 1172 4306; x_wconf 81' lang='lat' dir='ltr'><strong>apertum</strong></span> <span class='ocrx_word' id='word_1_259' title='bbox 1207 4220 1429 4305; x_wconf 87' lang='lat' dir='ltr'><strong>munitumque</strong></span> 
     </span>
    </p>
   </div>
   <div class='ocr_carea' id='block_1_3' title="bbox 195 4294 1428 4413">
    <p class='ocr_par' dir='ltr' id='par_1_6' title="bbox 195 4294 1428 4413">
     <span class='ocr_line' id='line_1_38' title="bbox 195 4294 1428 4413; baseline 0.006 -34"><span class='ocrx_word' id='word_1_260' title='bbox 195 4346 199 4356; x_wconf 94' lang='lat'>·</span> <span class='ocrx_word' id='word_1_261' title='bbox 321 4294 515 4413; x_wconf 78' lang='lat' dir='ltr'><strong>praestaret</strong></span> <span class='ocrx_word' id='word_1_262' title='bbox 549 4302 654 4383; x_wconf 89' lang='lat' dir='ltr'><strong>Alteri</strong></span> <span class='ocrx_word' id='word_1_263' title='bbox 675 4318 770 4403; x_wconf 88' lang='lat' dir='ltr'><strong>malo,</strong></span> <span class='ocrx_word' id='word_1_264' title='bbox 792 4322 822 4383; x_wconf 87' lang='lat' dir='ltr'><strong>si</strong></span> <span class='ocrx_word' id='word_1_265' title='bbox 840 4322 914 4408; x_wconf 90' lang='lat' dir='ltr'><strong>quis</strong></span> <span class='ocrx_word' id='word_1_266' title='bbox 935 4340 1097 4411; x_wconf 80' lang='lat' dir='ltr'><strong>umquam,</strong></span> <span class='ocrx_word' id='word_1_267' title='bbox 1118 4318 1237 4388; x_wconf 80' lang='lat' dir='ltr'><strong>Noster</strong></span> <span class='ocrx_word' id='word_1_268' title='bbox 1251 4320 1428 4387; x_wconf 84' lang='lat' dir='ltr'><strong>efficaciter</strong></span> 
     </span>
    </p>
   </div>
   <div class='ocr_carea' id='block_1_4' title="bbox 319 4412 1426 4536">
    <p class='ocr_par' dir='ltr' id='par_1_7' title="bbox 319 4412 1426 4536">
     <span class='ocr_line' id='line_1_39' title="bbox 319 4412 1426 4536; baseline 0.006 -56.038"><span class='ocrx_word' id='word_1_269' title='bbox 319 4412 449 4536; x_wconf 88' lang='lat' dir='ltr'><strong>mederi</strong></span> <span class='ocrx_word' id='word_1_270' title='bbox 477 4422 639 4508; x_wconf 88' lang='lat' dir='ltr'><strong>poterat</strong></span> <span class='ocrx_word' id='word_1_271' title='bbox 631 4421 670 4485; x_wconf 83' lang='lat' dir='ltr'><strong>ris</strong></span> <span class='ocrx_word' id='word_1_272' title='bbox 697 4420 835 4517; x_wconf 88' lang='lat' dir='ltr'><strong>scholis,</strong></span> <span class='ocrx_word' id='word_1_273' title='bbox 868 4420 984 4512; x_wconf 84' lang='lat' dir='ltr'><strong>quibus</strong></span> <span class='ocrx_word' id='word_1_274' title='bbox 1013 4427 1082 4503; x_wconf 73' lang='lat' dir='ltr'><strong>ejus</strong></span> <span class='ocrx_word' id='word_1_275' title='bbox 1107 4428 1246 4491; x_wconf 72' lang='lat' dir='ltr'><strong>saeuae</strong></span> <span class='ocrx_word' id='word_1_276' title='bbox 1274 4427 1426 4490; x_wconf 71' lang='lat' dir='ltr'><strong>temam</strong></span> 
     </span>
    </p>
   </div>
   <div class='ocr_carea' id='block_1_5' title="bbox 0 0 1588 5192">
    <p class='ocr_par' dir='ltr' id='par_1_8' title="bbox 0 0 1588 5192">
     <span class='ocr_line' id='line_1_40' title="bbox 0 0 1588 5192; baseline 0 2"><span class='ocrx_word' id='word_1_277' title='bbox 0 0 1588 5192; x_wconf 95' lang='lat' dir='ltr'><strong> </strong></span> 
     </span>
    </p>
   </div>
  </div>
 </body>
</html>
