3167 5192
1196 460 1272 536 ¹55⁴

149 620 266 713 ceptae
281 624 583 693 conditionisrrtio
604 632 638 691 st
656 623 847 693 dimedendi
865 626 1053 697 necessitas.
1074 628 1164 697 .Janr
1183 649 1257 699 eum

149 727 349 814 refragando
376 728 412 792 in
432 749 471 793 re
488 735 654 793 damaeta
673 748 741 793 non
760 736 847 795 esset
867 728 974 811 locus,
1003 730 1166 814 Cassellas
1187 730 1256 800 abit

149 830 271 896 Noster
297 833 466 917 (autumno
486 830 566 895 anni
587 829 683 919 1776)
710 831 897 917 grabssimo
922 834 957 899 in
982 833 1157 921 providum
1177 834 1255 899 ami-

149 934 381 1021 cissimumque
402 930 467 997 sibi
482 941 728 1023 praeceptorem
741 933 859 1017 animo,
884 956 980 1023 quem
994 934 1111 1003 deinde
1125 934 1256 1025 publice

147 1057 280 1125 quoque
297 1042 435 1101 testatus
456 1044 516 1119 est
532 1055 607 1099 cum
625 1034 732 1101 eidem
752 1033 908 1101 historiae
928 1034 1170 1125 philosophicae
1191 1037 1254 1125 pri-

147 1160 237 1205 mum
258 1136 399 1205 'Pomnm
417 1134 622 1207 inscriberet.
902 1157 904 1162 ·
1042 1126 1046 1137 ⁵
1200 1134 1206 1153 '

231 1339 442 1407 Deduximus
460 1342 655 1417 Tr'cdemunm'
669 1341 773 1407 vitam
795 1360 843 1425 eo,
863 1339 923 1407 ubi
942 1342 970 1407 is
991 1362 1058 1409 non
1077 1350 1144 1407 tarn
1163 1362 1255 1431 prae·

148 1443 259 1509 clarae
285 1440 408 1507 indolis
430 1441 550 1508 betam
576 1464 667 1529 spem
694 1440 887 1509 ostendebat
912 1442 1119 1529 adolescens,
1148 1466 1256 1533 quam,

147 1545 316 1611 constanti
337 1544 438 1610 aetati
463 1544 610 1631 propior,
641 1546 791 1631 egregios
813 1544 939 1631 ingenii
958 1546 1010 1610 sui
1031 1544 1138 1612 foetus
1158 1546 1256 1613 edere
1357 1610 1361 1623 ,

149 1654 313 1736 coeperat.
358 1645 434 1711 Jam
459 1669 502 1713 ex
527 1647 585 1731 iis,
616 1668 701 1734 quae
721 1646 830 1713 adhuc
851 1646 1070 1735 exposuimus,
1087 1646 1169 1713 haec
1191 1646 1255 1716 duo

148 1748 245 1815 nobis
267 1748 422 1816 videntur
442 1749 547 1815 effici:
567 1750 717 1836 primum,
738 1750 774 1815 in
792 1771 831 1815 eo
846 1752 919 1815 viro
938 1749 1265 1835 erudiendoeonion

148 1850 334 1939 mundoque
361 1853 568 1939 conspirasse
594 1861 662 1918 tres
686 1851 760 1917 illas
779 1874 888 1919 rerum
907 1850 1121 1918 humanarum
1142 1852 1259 1939 guber·

147 1956 309 2038 natrieos,
334 1962 501 2038 naturam,
520 1955 699 2039 fortunam,
722 1954 940 2042 disciplinam.
984 1950 1143 2021 Naturam
1162 1977 1258 2024 nemo

144 2056 323 2142 'negaverit
342 2057 378 2121 in
397 2078 436 2121 eo
457 2058 613 2145 optimam
632 2056 744 2141 inisse,
764 2058 870 2144 cujus,
891 2057 951 2122 vix
965 2056 1105 2125 infautia
1125 2058 1260 2149 egressi,

147 2157 295 2225 indolem
309 2157 454 2223 severior
467 2159 571 2244 patris
586 2158 760 2248 disciplina
770 2180 836 2225 non
852 2157 1025 2242 obtuderit,
1045 2158 1138 2245 eujus
1151 2161 1258 2245 pueri-

146 2260 195 2327 tia
225 2282 285 2346 per
318 2258 486 2325 obtrusum
513 2260 578 2325 sibi
609 2262 817 2330 solitudinem
844 2261 1014 2347 ingeniose
1038 2259 1170 2346 luserit,
1201 2264 1258 2349 qui

148 2362 272 2429 deinde
286 2362 422 2449 juvenis
442 2362 608 2432 indefesso
636 2366 680 2431 ad
696 2366 828 2433 virtutis
847 2362 976 2431 laudem
995 2362 1256 2441 studio-conteu-

148 2466 243 2549 dens,
262 2486 374 2531 ornnes
394 2470 467 2551 ejus
484 2488 605 2534 caussa
622 2466 751 2535 labores
773 2466 958 2551 exantlarit,
977 2488 1098 2533 ornnes·
1110 2467 1265 2555 volupia.

146 2578 199 2635 tes
228 2568 446 2634 contemserit.
496 2570 711 2636 Fortunatam
740 2580 850 2637 autem
880 2568 1140 2660 praedicabimus
1171 2594 1255 2656 cum,

146 2671 224 2759 qui,
244 2670 275 2734 si
291 2670 402 2737 minus
416 2671 508 2737 facili
528 2671 752 2762 benignoque,
768 2682 804 2739 at
823 2673 1018 2759 intelligenti
1034 2682 1143 2741 tamen
1163 2682 1256 2763 patre

146 2799 229 2845 usna
256 2777 315 2860 sit,
339 2783 374 2843 ct
391 2796 589 2861 generosae,
614 2797 697 2864 quae
720 2777 755 2842 in
776 2798 877 2864 puero
899 2777 1019 2860 inerat,
1044 2775 1163 2845 indolis
1183 2798 1255 2864 per-

146 2879 287 2968 spicaci,
316 2878 495 2966 eodemque
521 2877 620 2948 rebus
649 2880 697 2943 ita
719 2879 817 2945 lautis
845 2881 1033 2963 constituto,
1063 2867 1114 2962 ut,
1147 2872 1281 2967 quoad*

145 2982 265 3065 vellet,
291 2980 353 3047 lilii
373 2980 622 3047 necessitatibus
647 2982 834 3069 prospicere
853 2991 981 3071 posset3
1008 2981 1264 3057 fortunatiorem,

146 3087 250 3153 etiam
270 3083 416 3151 dicemus
438 3082 586 3167 eundem,
605 3086 663 3172 qni
683 3084 940 3172 condiscipulum
956 3091 1070 3149 nactus
1088 3084 1139 3167 sit,
1161 3084 1256 3171 cujus

145 3189 300 3257 <locens
318 3188 428 3274 ipsum
449 3187 585 3252 scientia
604 3206 726 3271 augere
745 3194 872 3273 posset,
893 3185 1078 3275 exemplum
1100 3183 1254 3272 excitare,

144 3292 243 3380 cujus
262 3310 353 3355 amor
372 3288 532 3355 auxilium
553 3310 680 3378 semper
700 3297 851 3377 paratum
871 3290 1065 3355 ostenderet.
1103 3287 1255 3377 Denique

144 3395 361 3462 accersitore
381 3400 416 3459 et
431 3382 614 3481 disciplina,
634 3393 775 3480 primum
793 3392 864 3461 ludi
884 3392 1123 3477 magistrorum,
1146 3393 1254 3459 sinon

145 3494 280 3563 subtilis
299 3503 332 3560 et
353 3495 483 3578 eximia,
503 3503 540 3561 at
555 3495 647 3562 utilis
668 3505 787 3581 nmen,
809 3496 935 3563 doctior
952 3494 1086 3579 deinde,
1106 3496 1141 3561 in
1162 3518 1255 3585 gym·

145 3600 317 3666 nesiorum
336 3598 460 3680 stadiis,
481 3618 574 3682 voce,
594 3601 785 3667 auctoritate
801 3597 1053 3685 intelligentium
1066 3608 1253 3687 praecepto·

144 3726 231 3788 rum,
252 3704 507 3785 commilitonum
522 3702 740 3769 studiosorum
753 3700 914 3789 exemplo,
935 3699 1075 3787 legendi,
1094 3723 1253 3770 commen·

144 3806 241 3874 tandi
268 3806 445 3889 industria,
480 3824 564 3892 quae
594 3806 703 3871 omnia
733 3805 866 3891 egregie
896 3803 1046 3869 instituta
1073 3803 1260 3893 effectaque,

145 3909 283 3997 egregie
301 3907 442 3973 coniecit
454 3906 653 3973 Academiae
665 3907 888 3995 professorum
904 3914 936 3971 et
949 3905 1097 3973 doctrina
1113 3906 1255 3992 uberior,

145 4020 181 4079 et
201 4010 336 4099 politior
356 4010 530 4097 elegantis.

231 4112 382 4180 Alterum
401 4111 462 4176 has
483 4133 536 4178 res
556 4112 777 4180 consideranti
790 4112 852 4178 hoc
870 4111 1019 4196 occurit,
1043 4111 1130 4199 quod
1144 4111 1253 4197 singu·
1370 4128 1374 4135 ’

144 4218 197 4283 las
217 4215 597 4305 ingeniidoctrinaeque
615 4215 763 4299 virtutes,
785 4236 868 4303 quas
888 4216 924 4279 in
944 4214 1122 4281 constantis
1136 4214 1252 4281 acutis

144 4318 479 4387 viro‘eonsummatas
496 4318 695 4385 &ornamur
710 4327 744 4385 et
762 4320 831 4385 suis
853 4319 946 4408 quasi
966 4317 1108 4383 numeris
1125 4315 1252 4393 absolu·

84 4523 85 4526 Ἴ
147 4431 209 4507 tas,
230 4424 267 4488 in
286 4422 359 4513 ipso
379 4442 481 4513 puero
501 4419 773 4516 adolescentiorem
792 4422 947 4494 extremis
970 4420 1063 4517 quasi
1080 4419 1175 4493 lineis
1197 4418 1251 4494 te
