3167 5192
1218 493 1262 558 10
1354 493 1363 502 ’

144 658 192 724 ita
222 679 299 746 cap.
326 661 379 726 23.
407 657 480 724 init.
516 677 594 746 pag.
624 657 677 724 86.
704 655 877 745 accerst)
923 649 1199 741 Ἀναγιατιύτατος
1214 631 1283 728 di<

145 753 231 844 παρ’
262 755 357 848 αύτῷ
379 754 504 846 τρόπος
535 759 750 838 διδασκαλίας
772 752 903 845 ὑπῆρχε
924 759 980 826 καί
1003 753 1024 828 ὁ
1047 758 1105 826 διὰ
1125 758 1261 847 ουμβύὲ

145 868 227 928 λων.
270 855 288 928 ὁ
317 860 383 950 γὰρ
403 857 574 948 χαρακτὴρ
595 849 669 941 ἕως
690 862 747 928 καί
765 853 847 946 παρ’
870 855 1006 947 Ἕλλησι
1031 857 1153 946 σχεδὸν
1171 859 1259 930 ἄπα·

144 980 218 1050 οιυ,
246 959 307 1030 ἅτε
335 962 555 1050 παλαιότερος
581 957 647 1050 siv,
676 960 884 1043 ίαιτιδύζιτυ.
924 963 1097 1051 ἐξαιρέτως
1116 964 1155 1032 δὲ
1176 960 1256 1050 παρ’

145 1069 349 1151 Αἰγυπτίοις
367 1062 590 1134 ποικιλώτατα
607 1062 839 1154 ἐπρεσβεύετο.
871 1066 978 1136 Nemo
993 1069 1259 1156 veroquisquam
1396 1084 1401 1093 ’

145 1171 259 1256 prisca
287 1170 429 1236 docendi
455 1191 578 1256 genera
605 1170 788 1246 accuratius
813 1169 1003 1258 descripsit,
1031 1193 1130 1258 quam
1156 1171 1258 1236 Pro·

144 1272 236 1338 clus
261 1275 298 1338 in
320 1271 467 1339 Platonis
489 1257 647 1357 Theolog.
667 1270 725 1336 lib.
741 1271 769 1336 I.
792 1294 864 1360 cap.
886 1278 918 1339 4.
936 1297 971 1362 p.
993 1277 1024 1340 9.
1069 1273 1173 1361 eujus
1194 1272 1260 1343 loci

145 1376 333 1462 insigniora
352 1374 550 1462 subjiciam:
584 1373 629 1440 Οί
657 1371 719 1458 μὲν
750 1369 815 1460 μὰρ
849 1369 903 1442 δι’
932 1374 1155 1455 ἐνδείξεως
1181 1374 1258 1460 περί

88 1523 91 1538 .
145 1481 215 1544 τοῖν
233 1480 345 1546 θείων
363 1477 532 1561 λέγοντες,
555 1468 577 1562 ἢ
601 1479 889 1566 συμβολικῶς,
914 1477 972 1544 καί
995 1482 1203 1564 μυθικοῖς,
1235 1470 1258 1563 ἢ

144 1574 191 1646 δι’
216 1576 402 1646 εἰκόνων
422 1579 569 1662 λέμοσιν.
603 1579 638 1644 ci
657 1577 693 1646 di
715 1573 1080 1665 ἀπαρακαλύπτως
1100 1579 1159 1660 τὰς
1178 1578 1260 1646 iav-

146 1685 216 1748 πᾶν
246 1679 440 1768 διανοήσεις
467 1675 750 1768 ἀπαγγέλλοντες,
774 1682 810 1748 oi
833 1682 896 1768 μὲν
921 1677 1010 1748 κατ’
1034 1680 1258 1770 ἐπιςήμηκ.

145 1785 179 1850 oi
198 1786 239 1852 δὲ
267 1780 353 1852 κατὰ
379 1779 442 1870 τὴν
463 1783 501 1850 ἐκ
520 1785 615 1850 θεοῖν
628 1783 816 1852 ,ἐπίπνοιαν
837 1787 991 1854 ποιύνται
1012 1782 1069 1865 τὸς
1089 1785 1200 1872 λύγος.
1215 1808 1258 1859 «κε
1308 1829 1313 1840 ·

146 1911 172 1952 ι.
195 1895 227 1954 λ.
273 1888 378 1956 Vides
407 1887 440 1952 h.
464 1886 486 1952 l.
509 1888 574 1955 duo
596 1909 719 1973 genera
738 1889 913 1955 universae
939 1891 1122 1978 priscorum
1141 1888 1258 1960 doctri·

145 2011 207 2055 nae
237 1990 351 2056 faeere
378 1989 547 2074 Proclnm,
579 2011 717 2078 quoram
750 1990 890 2056 alterum
923 2000 974 2058 est
1001 1986 1047 2058 δι’
1076 1993 1258 2076 ἐνδείξεως,

147 2092 288 2158 alterum
317 2087 614 2178 &repudiantem
668 2091 723 2160 Ilii
756 2092 905 2179 quidem,
933 2103 1100 2183 tamquam
1124 2095 1259 2179 formae,

145 2194 369 2282 subjiciuntur
396 2191 434 2261 τὸ
465 2189 689 2281 συμβολικόν,
719 2188 757 2260 τὰ
780 2192 932 2278 μυθικὸν
952 2205 986 2262 et
1012 2193 1051 2262 τό
1072 2193 1256 2264 είκαυικόντ

146 2297 237 2364 hnic:
260 2320 302 2364 ea
322 2297 481 2379 docmina,
503 2319 587 2386 qnae
609 2291 682 2364 κατ’
705 2293 870 2381 ίπιςήμην
886 2297 1035 2382 traditur,
1056 2308 1091 2365 et
1106 2321 1155 2383 aa,
1172 2319 1257 2387 quaa

145 2423 203 2487 per
231 2389 421 2468 ἐπίπνοιαν.
479 2401 630 2486 Longum
646 2408 708 2466 ,est
732 2399 813 2464 haec
841 2399 1010 2486 sigillatim
1034 2402 1257 2491 persequi**).

147 2504 265 2593 Itaque
293 2525 399 2592 pauca
423 2512 550 2570 tantum
571 2502 701 2568 addam.
745 2502 797 2566 Ac
816 2502 897 2588 quid
917 2501 982 2568 sibi
1006 2504 1089 2570 velit
1107 2504 1191 2571 illud
1208 2497 1256 2570 δι’

146 2602 337 2690 ἐνδείξεως,
360 2607 484 2672 nemini
505 2605 679 2671 obscurum
700 2613 765 2688 est,
790 2606 848 2693 qni
866 2604 983 2690 legerit
999 2625 1085 2693 quae
1104 2607 1259 2696 saprade

147 2729 227 2774 voce
247 2703 427 2774 δεικνύναι
449 2707 652 2790 monuimus3
673 2707 879 2794 pertinetque
899 2707 1002 2792 igitur
1016 2708 1097 2777 haec
1116 2710 1259 2790 ’ἔνδειξις
1281 2689 1291 2706 ‘

147 2810 189 2875 ad
213 2809 414 2894 dowinam,
443 2810 505 2876 hcc
528 2808 661 2896 quidam
683 2807 770 2892 loco,
798 2831 909 2874 rerum
931 2831 1115 2896 sacrarum,
1142 2812 1257 2878 disan

147 2913 344 3001 grandoque
372 2922 422 2978 est
448 2912 491 2990 ab
518 2911 741 2989 ἐπιδείξει,
770 2931 855 2998 quae
878 2919 928 2976 est
948 2915 1090 2980 ostensio
1110 2912 1257 3000 publica·

147 3037 209 3102 que
232 3015 334 3082 dictio
359 3015 516 3082 orationis
543 3013 654 3097 fictae,
683 3013 797 3101 quales
819 3022 913 3078 erant
934 3013 1256 3082 declamationesso·

148 3116 340 3202 phistarum.
385 3115 455 3183 Nec
474 3117 582 3182 minus
605 3115 839 3201 distinguenda
857 3117 997 3196 ἔνδειξις
1017 3127 1068 3184 est
1087 3118 1130 3184 ab
1152 3113 1256 3186 ἄπο·

148 3219 296 3306 δείξει,
334 3221 406 3288 sive
442 3241 463 3284 a
502 3218 871 3303 demonstratione,
907 3220 975 3285 vid
1008 3220 1255 3309 Wyttenbaa

148 3320 279 3394 chium
308 3321 352 3388 ad
372 3320 534 3390 Hmodot.
557 3321 585 3386 Ι.
618 3323 645 3385 1.
672 3321 707 3386 in
725 3318 863 3386 Selectis
881 3321 1074 3389 Historiccr.
1094 3323 1255 3392 hasdans

147 3443 244 3490 voces
278 3425 401 3514 optime
431 3423 659 3510 explicantem.
711 3422 809 3504 Quod
839 3423 932 3490 addit
966 3425 1139 3492 Procius
1171 3428 1255 3495 alios

149 3517 439 3612 ἀπαρακαλύπτως
466 3525 642 3592 tradidisse
668 3525 868 3612 theologica,
890 3527 967 3594 huic
990 3530 1055 3617 ipsi
1075 3531 1195 3597 rationi
1215 3525 1255 3597 id

149 3625 184 3692 ἐν
195 3639 267 3706 τοῖς
280 3624 556 3713 παραπετάσμασι
572 3625 682 3711 λέγειν
702 3629 836 3717 opponit
857 3627 1100 3719 Simplicius
1113 3634 1254 3721 praefat.

149 3729 181 3794 in
202 3731 372 3798 Aristotel.
399 3739 541 3818 categor.
562 3737 641 3796 sect.
673 3729 707 3795 X
731 3751 817 3820 seq„
847 3733 1043 3820 calniaco,
1064 3737 1122 3824 qui
1141 3746 1194 3803 cst
1212 3737 1255 3804 de

151 3859 361 3876 ,Ἣ

216 3941 244 4010 ll)
263 3941 315 3994 cni
331 3941 392 3994 loco
407 3937 736 4008 jnngendusPorphyr.
758 3937 793 3992 de
810 3942 861 3995 vit.
874 3940 1026 4009 Pythagor.
1037 3957 1065 4009 p.
1079 3945 1125 3996 41.
1141 3945 1253 3998 Rmtsr.

217 4029 262 4098 **)
280 4029 334 4096 Its,
352 4033 384 4080 nt
400 4029 454 4082 hoc
470 4033 546 4100 utar„
560 4027 698 4082 Procius
715 4027 734 4079 1.
746 4027 940 4098 .l‚,y01phicum
955 4029 1021 4091 dicit
1038 4046 1116 4083 esses
1130 4023 1179 4091 διδ
1195 4031 1254 4093 τοῖα

153 4108 297 4186 συμβόλων
314 4107 350 4168 τὰ
365 4115 435 4168 θεία
454 4111 587 4182 μηνύειν,
611 4115 835 4184 Pythagoricum:
862 4109 911 4168 διὰ
928 4114 986 4168 τῶν
1006 4112 1136 4194 εἰκόνων.
1170 4121 1254 4176 Pot-
1387 4151 1390 4156 -

153 4203 291 4271 phyrius
318 4195 410 4256 intem
432 4203 465 4256 de
490 4205 540 4255 vit.
559 4203 783 4270 Pythagorae
807 4201 870 4256 huic
893 4196 1052 4272 philosopho
1076 4207 1202 4259 attribuit
1218 4197 1251 4258 τδ

153 4281 337 4360 συμβολικόν,
361 4291 418 4344 vid‘.
442 4291 461 4344 l.
480 4291 499 4344 1.
523 4291 559 4344 cf.
583 4291 706 4342 Suidas
730 4309 753 4344 s.
790 4281 873 4358 Ὀρφ.
897 4297 925 4344 et
950 4293 1125 4346 Eudocise
1148 4292 1251 4348 Violar.

152 4393 212 4446 pag.
230 4379 293 4434 318.
329 4379 406 4432 Haec
424 4381 515 4430 omnia
537 4379 705 4446 expeditiora
727 4384 832 4444 essent,
856 4381 881 4431 si
903 4386 1043 4434 exstarent
1060 4395 1131 4450 quse
1148 4377 1252 4454 de'Py·

152 4467 298 4536 thsgcricis
316 4468 448 4535 symbolis
467 4469 667 4536 conscripserat
683 4468 854 4527 Aristoteles.
1250 4469 1253 4474 ’

195 4575 310 4620 carun.
333 4575 449 4620 orusc.
1026 4551 1047 4612 4
