3167 5192
1210 482 1270 564 ιιι

142 662 355 751 explicabat.
400 663 486 731 Nam
506 685 581 731 oum
601 643 746 731 omnium
768 662 1049 753 pbilosophorum,
1079 667 1191 753 quiin
1211 666 1270 733 ali·

142 788 212 854 quo
246 788 387 833 numero
416 776 517 851 sunt„
535 776 569 833 et
586 766 746 833 familiam
765 766 909 854 aliquam
929 766 1051 833 ducunt
1057 816 1066 851 ,
1100 768 1269 854 opiniones

141 892 204 956 per
234 878 425 957 temporum
451 872 624 937 decursum
651 868 866 937 subtilissime
887 878 1053 937 enarraret
1075 879 1108 935 et
1129 890 1269 959 expone-

141 980 206 1056 ret,
230 973 359 1061 optime
381 974 492 1044 docuit
514 972 748 1056 adolescentes,
768 970 947 1057 cujuslibet
965 972 1035 1037 fere
1052 993 1157 1038 novae
1172 974 1269 1039 ratio
1366 1024 1370 1041 .

143 1075 198 1140 nis
223 1098 398 1165 sequaces,
422 1076 487 1143 sibi
501 1077 591 1165 ipsos
606 1074 767 1158 diffidere,
789 1076 996 1162 animumque
1012 1074 1054 1143 ab
1068 1076 1266 1143 assensionis

141 1181 341 1243 temeritate
363 1178 526 1245 cohibere.
570 1179 626 1244 Ex
653 1198 718 1265 quo
741 1176 886 1263 judicari
903 1179 1036 1265 poterit,
1070 1200 1167 1265 quam
1187 1176 1268 1249 haer
1315 1182 1318 1189 ’

142 1278 312 1347 historica
331 1280 552 1369 philosophia,
574 1303 658 1370 quae
676 1300 854 1368 numquam
875 1301 941 1345 non
962 1278 1178 1347 saluberrima
1199 1278 1267 1347 fue-

140 1383 202 1466 rit,
236 1385 430 1449 necessaria
452 1385 496 1451 sit
515 1384 592 1451 huic
607 1384 813 1471 potissimum
831 1384 941 1449 aetati.
986 1380 1083 1467 Quod
1105 1382 1161 1469 qui
1180 1384 1267 1468 cogi·

142 1488 308 1569 taverint,
330 1488 356 1551 ii
371 1487 444 1574 jam
463 1486 687 1554 desiderantes
701 1508 878 1575 quaerere
880 1486 1049 1553 videntur:
1071 1484 1158 1551 unde
1172 1484 1267 1554 nobis

141 1586 231 1655 alter
259 1591 504 1657 Tiedemannua?

234 1692 395 1761 Ceterum
416 1694 488 1777 ille,
514 1694 574 1812 qui
600 1715 729 1780 semper
752 1692 808 1758 ad
818 1690 1053 1777 discipulorum
1082 1691 1265 1797 utilitatem,

142 1816 332 1885 numquam
348 1797 422 1863 ad
412 1797 537 1883 ingenii
556 1797 806 1861 ostentationem
829 1795 998 1879 doceret,⁸
990 1816 1024 1859 m
1042 1794 1188 1859 oratione
1207 1780 1266 1862 suis
1287 1802 1290 1811 '
1347 1780 1350 1787 ’

142 1900 263 1967 verbis
286 1900 440 1966 utebatur
460 1899 602 1986 propriis
623 1908 656 1963 et
672 1897 865 2014 plerumque
896 1920 916 1961 a
943 1898 1107 1965 communi
1134 1896 1266 1967 dicendi
1385 1930 1387 1935 ·

141 2024 238 2100 more
269 2004 429 2089 repetitis.
470 2001 547 2067 Oui
566 2000 623 2066 ille
648 2001 698 2064 rei
723 2008 851 2065 tantum
877 1998 1058 2083 tribuebat,
1093 2007 1150 2065 ut
1148 2000 1185 2067 si
1212 1999 1265 2065 vel

143 2094 295 2173 maxime
318 2106 469 2172 dictionis
485 2105 625 2169 nitorem
639 2110 910 2191 venustatemque
923 2048 1097 2187 remiseils,
1118 2102 1225 2167 delect
1211 2109 1263 2167 tus

141 2216 261 2274 tamen
285 2208 484 2293 elegantiam
503 2206 760 2293 dignitatemque
781 2205 945 2271 interdum
966 2204 1153 2271 desiderare
1174 2202 1264 2268 vide-

143 2312 244 2376 reris.
290 2309 380 2375 Illud
397 2309 565 2394 laudares,
585 2309 673 2397 quod
691 2308 867 2374 verborum
888 2307 952 2373 alte
973 2308 1157 2374 sonantium
1176 2328 1263 2393 pom-

142 2434 223 2498 pam
242 2412 508 2501 bsllulornmque
528 2412 764 2479 sensiculorum
779 2412 897 2477 scitum
911 2418 1061 2477 ornatum
1075 2427 1263 2497 aspamare·
1297 2464 1299 2469 .

143 2525 209 2600 ιιι,
234 2538 345 2604 neque
366 2517 545 2605 quidquam
565 2516 670 2602 magis
689 2515 823 2601 odisset,
845 2537 943 2603 quam
963 2514 1103 2580 hominis
1123 2515 1264 2603 speeiem

144 2640 265 2685 auram
285 2618 477 2707 popularem
499 2621 671 2707 captantis.
714 2618 760 2684 Et
776 2640 865 2703 vero,
887 2610 964 2684 ‘cum
984 2620 1020 2683 in
1042 2614 1171 2699 scholis,
1194 2622 1264 2693 tum

144 2722 179 2789 in
200 2722 335 2811 reliqna
355 2742 485 2810 quoque
508 2722 580 2787 vita
600 2744 642 2787 ea
662 2731 733 2787 erat
754 2722 826 2808 ejus
849 2722 961 2805 oratio,
984 2717 1067 2808 quae
1085 2720 1190 2805 magis
1208 2741 1263 2806 pe-

145 2826 220 2891 ritis
244 2823 399 2912 placeret,
419 2845 518 2912 quam
539 2843 623 2911 qnae
641 2824 736 2911 vulgi
758 2846 817 2891 ora
837 2824 1032 2908 adverteret,
1054 2832 1090 2890 ιιι
1109 2822 1208 2911 plane
1228 2824 1263 2888 in

145 2949 221 2993 eum
252 2927 371 2993 cadara
398 2928 566 2994 videretur
591 2926 689 2993 illud
703 2928 877 3015 Hippolyti
903 2926 991 3014 apud
1012 2924 1261 3012 Euripidem*):
1348 2977 1352 2986 .

145 3029 213 3095 Ubi
228 3030 298 3114 ille,
317 3053 376 3115 „se
394 3030 438 3096 ad
454 3030 585 3097 turbam
599 3030 702 3096 verba
717 3030 835 3113 facere,
856 3030 911 3113 ait,
931 3028 1164 3116 imperitiorem
1179 3049 1261 3111 esse,

146 3133 207 3197 sed
245 3132 332 3197 inter
363 3131 535 3219 aequales,
569 3140 756 3221 paucosque
790 3132 985 3216 doctiorem,
1020 3129 1118 3218 idque
1154 3131 1262 3197 locum

145 3230 287 3317 babere,
319 3256 396 3300 nam
422 3234 478 3320 qui
507 3235 598 3321 apud
616 3236 728 3301 doctos
753 3234 836 3300 nihil
862 3234 1012 3321 valeant,
1040 3259 1151 3303 eorum
1174 3236 1261 3367 apud

145 3335 271 3422 vulgus
286 3337 464 3421 gratiorem
483 3338 665 3403 orationem
686 3359 770 3403 csse.
772 3340 816 3383 “

235 3436 357 3505 Sicut
347 3460 383 3503 m
404 3439 555 3506 omnibns
572 3438 854 3529 praelectionibus
868 3441 936 3505 suis
956 3372 1176 3508 alienissimus
1192 3393 1261 3509 erat

147 3542 189 3607 ab
213 3564 257 3607 ea
274 3541 322 3629 jeJ
315 3542 466 3627 unitate,
488 3565 555 3631 qua
573 3544 767 3609 scholastica
789 3565 938 3631 quaeque
958 3546 1151 3632 compendia
1172 3545 1260 3613 labo·

147 3666 223 3711 rare
246 3643 363 3729 solent,
381 3646 429 3710 ita
449 3668 518 3729 eae,
540 3646 660 3735 quibus
678 3646 927 3735 psyobologiam
946 3648 1135 3735 empiricam
1152 3648 1260 3715 trade·

145 3744 221 3834 bat,
247 3746 477 3815 redundabant
496 3748 583 3818 laeta
604 3751 843 3840 exemplorum,
866 3748 1012 3835 singulas
1034 3752 1166 3837 regulas
1186 3751 1260 3817 illu·

146 3852 330 3937 strantium,
350 3851 511 3937 ubertate,
532 3876 631 3942 quam
650 3854 707 3919 ille
723 3854 787 3920 sibi
805 3862 836 3919 et
854 3853 1055 3941 experiundo
1074 3862 1106 3919 et
1119 3853 1259 3939 legendo

215 4048 242 4116 ⁸)
261 4027 385 4115 Euripid.
405 4046 549 4115 Hippolyt.
565 4064 592 4100 v.
602 4046 655 4101 989
671 4062 731 4112 sqq.
752 4046 788 4097 of.
802 4045 943 4099 Plutarch.
961 4046 995 4099 de
1008 4046 1130 4100 Liberor.
1150 4046 1257 4121 educat.
1335 4049 1341 4055 '

148 4136 189 4189 ed.
207 4131 272 4203 Xyl.
291 4150 355 4201 pag.
373 4134 400 4187 b.

309 4213 379 4287 qui
398 4211 428 4271 δ’
447 4209 579 4287 ἅκομκψος
599 4212 640 4279 εἰς
657 4207 744 4285 ὄχλον
757 4216 861 4271 δοῦναι
878 4210 972 4286 λόγον,

312 4302 353 4367 εἰς
370 4297 470 4375 ἥλικας
488 4299 520 4357 δὲ
537 4296 676 4376 κςὸλίγους
693 4300 865 4373 σοφώτερος.

246 4413 251 4424 ·
313 4388 370 4461 ἔχει
385 4388 419 4445 Oi
436 4394 541 4460 μοῖραν
559 4390 608 4445 καὶ
624 4386 701 4444 τόδ’·
720 4388 751 4444 ol
766 4386 820 4460 γὰρ
839 4386 869 4445 ἐν
885 4396 988 4461 σοφοῖς

233 4547 245 4572 ἱ
311 4480 427 4547 φαῦλοι,
446 4471 516 4549 παρ’
537 4469 610 4551 ὄχλῳ
627 4473 831 4549 μουσικώτεροι
848 4475 946 4549 λέγειν.

195 4589 310 4633 onnus.
333 4588 448 4633 croso.
1008 4566 1044 4625 11
