3167 5192
1207 510 1269 615 ιιι

150 682 309 770 polorum
330 685 464 771 insuper
485 683 631 768 florebat,
652 681 807 750 siminus
831 685 945 750 eadem
965 688 1183 775 multitudine,
1204 699 1276 780 qua'

153 785 339 871 Gottingae
367 786 537 871 floruerat,
559 796 593 852 at
611 795 721 852 tamen
742 789 918 876 praecipua
944 789 1173 856 nonnullorum
1194 793 1268 859 doc-
1331 847 1334 854 .

152 889 246 954 trina
272 891 566 977 universorumque
594 891 728 954 summis
755 891 791 954 in
817 911 854 953 se
882 891 1009 956 studiis.
1054 892 1100 956 At
1127 894 1156 957 si
1183 894 1268 980 ejus·

151 991 234 1055 dem
257 991 469 1056 domesticam
491 993 593 1056 vitam
609 993 813 1077 cognoveris,
836 991 1012 1057 miserebat
1032 991 1182 1078 hominis,
1202 1017 1270 1060 me
1338 1051 1350 1070 ,

151 1091 255 1178 liore,
280 1095 310 1157 si
326 1095 430 1180 ipsius
452 1094 619 1180 ingenium
641 1093 817 1179 cogitares,
839 1094 972 1160 fortuna
993 1094 1195 1181 dignissimi3
1222 1097 1271 1161 ita

151 1195 206 1259 ibi
228 1203 322 1260 erant
344 1197 453 1260 omnia
472 1194 571 1282 plena
587 1193 826 1279 sollicitudinis,
849 1219 932 1284 quae
954 1205 1050 1262 antea
1070 1197 1169 1284 plena
1180 1197 1270 1262 tran-

153 1297 333 1384 quillitatis
354 1297 498 1381 fuerant,
516 1297 614 1385 plena
634 1297 843 1362 laetitiarum.
888 1298 1093 1386 Quamquam
1107 1299 1269 1388 principio

154 1409 192 1464 et
212 1399 254 1465 ab
277 1400 341 1464 hae
357 1409 453 1488 'parte
473 1401 516 1466 ad
537 1399 728 1466 felicitatem
749 1400 831 1464 nihil
853 1401 1030 1488 quidquam
1049 1401 1163 1467 deesse
1178 1401 1269 1466 vide

153 1501 264 1566 batur.
319 1501 468 1590 Namque
504 1507 554 1588 (ut
572 1503 701 1568 emole
720 1501 877 1586 referam
906 1525 989 1591 quae
1010 1503 1161 1570 fortunae
1183 1513 1295 1588 sunt,‘

154 1613 342 1670 ceterorum
364 1607 451 1678 enim
479 1625 539 1670 sua
559 1625 718 1692 quemque
740 1606 941 1670 conscientia
969 1605 1022 1672 vel
1043 1615 1197 1692 coarguet
1214 1605 1269 1670 rel

155 1707 325 1794 absolvet)
350 1729 446 1796 quam
465 1729 563 1794 supra
581 1707 744 1792 virginem
766 1715 914 1772 ornatam
929 1707 1080 1773 omnibus
1093 1706 1273 1774 decoribus

154 1811 315 1894 diximus,
339 1833 377 1876 ea
398 1813 516 1876 marito
533 1811 658 1897 juncta,
682 1811 877 1897 optimarum
897 1811 1016 1874 artium
1037 1809 1269 1893 amantissimo,

154 1921 223 1977 tam
242 1912 390 1978 studiose
409 1934 471 1978 ura
488 1921 558 1977 erat
578 1912 682 1998 ipsius
703 1919 735 1974 et
756 1911 962 1977 sermonibus
983 1922 1016 1978 et
1037 1911 1194 1977 librorum
1214 1935 1270 2000 ap

154 2025 285 2101 paratu,
306 2025 344 2080 ut
362 2015 406 2080 ad
428 2015 704 2101 elegantissimum
725 2011 850 2077 cultum
868 2012 1008 2078 formata
1025 2014 1096 2100 jam
1115 2016 1152 2078 in
1172 2037 1269 2081 orna-

153 2119 294 2183 tissimis
320 2116 495 2183 haberetur
520 2117 646 2204 patriae
672 2113 818 2197 feminis,
854 2123 886 2179 et
907 2115 1151 2200 Lichtenhergii
1172 2117 1270 2180 etiam

154 2219 380 2307 Kastnerique
403 2229 436 2284 et
456 2219 593 2284 aliorum
609 2239 808 2282 summorum
836 2219 982 2282 virorum
1006 2217 1184 2282 amicitiam
1204 2239 1276 2282 ιιιιι-Ι

155 2329 255 2386 reret.
299 2317 515 2386 Beatissimus
547 2319 649 2404 igitur
680 2319 904 2396 Boldingerus,
937 2317 995 2403 qui
1020 2315 1092 2402 ejus
1119 2316 1270 2403 conjugis

156 2421 395 2488 consuetudine
420 2429 576 2488 uteretur.
623 2416 725 2506 Cujus
751 2417 809 2483 ille
835 2419 956 2483 amoris
984 2417 1173 2484 dulcissima
1198 2419 1270 2506 pig·
1396 2491 1399 2496 ¹

156 2549 240 2593 nora
261 2524 381 2589 habuit
396 2531 534 2612 quatuor
554 2521 641 2588 filios
664 2531 696 2586 et
720 2521 816 2588 binas
836 2521 932 2590 filias.

243 2627 274 2691 Ε
296 2625 414 2714 quibus
435 2625 484 2690 illi
504 2627 677 2689 immotum
696 2631 802 2689 morte
822 2622 949 2710 largam
965 2621 1157 2710 parentibus
1178 2622 1277 2713 obus·

156 2732 267 2796 lerunt
295 2727 512 2816 lacrymarum
537 2727 716 2792 materiam.
760 2725 847 2792 Nam
874 2747 949 2792 oum
974 2734 1042 2791 tres
1069 2728 1105 2790 in
1131 2728 1273 2814 pueritia

157 2834 301 2900 fuissent
323 2827 492 2896 exstincti:
1258 2858 1262 2865 ·

249 2940 422 3002 thbetnaus
443 2932 575 3021 quidem
592 2933 738 2997 Ernestus
763 2931 914 2998 trirnulm
935 2932 1046 3018 (natus
1068 2930 1174 3018 1771),
1195 2929 1270 2996 reli·

157 3041 214 3128 qui
238 3036 398 3104 anniculi:
422 3042 547 3102 Carolus
561 3040 739 3101 Friderr'ous
759 3035 806 3122 (ιι.
819 3056 849 3098 a.
867 3034 962 3121 1772)
985 3042 1018 3099 et
1036 3038 1160 3098 Carolus
1180 3034 1227 3118 (n.
1238 3044 1269 3097 a.

159 3142 269 3229 1773),
288 3149 368 3204 natu
388 3149 498 3204 tamen
519 3138 681 3202 maximus
695 3141 841 3202 Evocatus
860 3141 1037 3201 Its-idoneus
1057 3125 1105 3223 (n.
1124 3136 1159 3200 ιζ
1173 3135 1270 3223 1767)

156 3255 226 3311 tam
250 3243 339 3310 laeta
366 3241 511 3328 corporis
539 3241 661 3329 pariter
683 3247 780 3326 atque
806 3239 907 3303 animi
927 3240 1128 3304 incrementa
1147 3237 1271 3322 habuit,
1336 3247 1341 3254 ’

156 3353 247 3414 utet
268 3353 406 3410 matrem
427 3343 606 3410 domestica
624 3342 810 3407 calamitate
836 3340 991 3406 afflictam
1015 3341 1143 3426 erigere
1163 3348 1196 3406 et
1215 3359 1279 3429 poa-³
1377 3326 1385 3345 ⁴

156 3459 287 3516 ternam
311 3446 488 3535 aliquando
515 3445 645 3512 laudem
672 3445 757 3512 tueri
782 3467 879 3532 posse
905 3443 1083 3510 videretur.
1126 3442 1172 3508 At
1198 3456 1271 3530 gra.

156 3551 244 3617 viori
272 3549 375 3616 luctui
402 3556 572 3614 reservata
596 3548 730 3631 misera,
765 3547 869 3614 donec
901 3555 935 3611 et
960 3547 1033 3633 ipsa
1056 3544 1136 3610 illuc
1156 3543 1271 3628 abiret,
1356 3550 1359 3560 “

157 3655 217 3722 ubi
238 3659 357 3718 cuncta
374 3651 473 3738 hujus
494 3651 584 3717 vitae
603 3649 690 3715 mala
708 3649 838 3736 gaudiis
853 3649 994 3714 aeternis
1008 3655 1270 3736 compensandus.

157 3757 293 3823 Etenim
311 3754 407 3837 filius,
429 3754 486 3842 qui
506 3761 591 3818 uhus
614 3761 791 3840 supererat,
813 3773 888 3817 cum
901 3751 1069 3835 Kastneri,
1091 3758 1271 3816 ceterorum
1301 3765 1305 3784 ¹

158 3857 336 3946 disciplina
358 3857 479 3944 optime
499 3877 579 3921 usus
609 3856 681 3942 jam
701 3855 737 3918 in
771 3841 819 3919 eo'
832 3862 932 3938 esset,
953 3861 990 3918 ut
1011 3853 1130 3919 denam
1149 3851 1274 3918 sudio

156 3987 232 4030 rum
260 3945 377 4027 caussa
402 3959 676 4047 proficisceretur,
706 3957 830 4045 phthisi
856 3965 1025 4044 correptus
1047 3957 1082 4020 in
1101 3958 1174 4044 ipso
1188 3955 1271 4020 dore

159 4063 316 4133 ooeubuit
334 4083 364 4127 a.
390 4063 482 4127 1784.
528 4061 632 4142 Quem
651 4070 684 4126 et
702 4062 774 4148 ipsa
791 4069 913 4144 mater,
942 4060 1044 4124 variis
1066 4059 1152 4124 euris
1174 4055 1270 4122 simul

161 4175 303 4250 tentata,
330 4162 500 4252 paullatim
523 4163 696 4229 tabescens
722 4161 857 4228 biennio
883 4171 959 4250 post
978 4163 1014 4226 in
1035 4169 1138 4226 morte
1159 4155 1272 4224 secuta

162 4269 265 4358 ostii),
286 4269 410 4334 relictis
431 4267 519 4335 binis
540 4266 687 4351 filiabus,
714 4289 753 4332 ea
769 4267 840 4354 jam
861 4275 931 4332 tum
950 4273 1056 4331 aetate
1077 4262 1270 4356 constitutis,
1318 4354 1322 4363 r

227 4481 255 4550 ⁸¹²)
273 4479 343 4549 Ejus
359 4475 450 4534 rerum
462 4479 613 4548 insigniora
624 4477 733 4531 libellus
747 4477 782 4530 ab
796 4478 858 4546 ipsa
870 4475 1041 4542 conscriptus
1053 4471 1170 4541 exhibet,
1188 4487 1268 4544 quem
