3167 5192
1219 480 1260 547 il

144 645 187 714 B.
220 646 277 718 hio
298 645 390 720 locus
417 645 577 732 omissus)
595 653 733 718 atsere
759 616 1049 718 ommittimus
1072 646 1160 717 lili.
1176 650 1263 718 erim
1364 715 1368 728 ,
1493 753 1497 763 ,

146 751 213 816 ite:
238 749 329 838 quogl
348 749 434 820 inter
457 748 727 836 uosliquest,
754 749 812 836 iiio
829 759 955 820 sutem:
976 750 1066 838 qnod
1086 753 1264 830 intensos

146 851 332 938 liqueat,
363 869 461 938 quem
485 849 658 921 lectionem
685 853 784 924 etiarn
812 853 918 923 Paris.
940 854 972 920 A
994 853 1144 938 exhibet,
1163 854 1224 922 secl
1243 877 1265 922 a

147 952 300 1022 temnit
320 970 429 1023 manu.
475 951 567 1033 Quae
590 954 823 1041 qnidsmrsrio
843 956 924 1026 mibi
938 956 1026 1024 haud
1045 977 1160 1044 parum
1178 974 1264 1023 eorm

147 1057 326 1125 mentiatur
353 1055 582 1142 inaquosam
609 1055 774 1142 eugenue
803 1067 837 1124 et
862 1061 985 1142 ironis,
1012 1081 1077 1149 qua
1096 1069 1265 1147 tantopere

148 1161 186 1222 in
206 1157 260 1223 his
284 1158 425 1244 dialogis
449 1156 545 1224 Cotta
567 1158 757 1226 delectatur.
806 1161 918 1248 Carpit
936 1162 1022 1226 enim
1036 1162 1265 1230 confidentiam

152 1262 395 1348 Epicureorum
417 1277 477 1329 sua
500 1260 622 1347 placite
648 1283 708 1348 pro
736 1266 911 1351 compertis
933 1265 1187 1352 certissimisque
1209 1265 1264 1330 ha-

149 1361 312 1431 bentium.
358 1360 455 1442 Quod
481 1362 657 1430 vernacule
686 1365 734 1431 sie
761 1365 894 1433 efferus:
921 1365 1054 1451 „Unter
1074 1366 1169 1434 Euoh
1188 1367 1265 1459 [pei-

150 1463 220 1532 lieb
238 1466 284 1536 ist
306 1464 377 1532 dies
398 1486 483 1550 gana
503 1467 743 1538 sonnenklar.“
766 1465 768 1470 ’

234 1567 312 1637 Lib.
331 1567 395 1634 III.
428 1571 478 1637 14.
522 1567 616 1653 „Sed
644 1573 754 1640 omnia
781 1573 900 1655 vestri,
926 1571 1071 1657 Balbe,
1096 1573 1203 1642 solent
1223 1572 1266 1640 etl
1314 1579 1318 1592 ’

150 1671 285 1756 igneam
318 1671 386 1736 vim
419 1670 564 1755 referre,
595 1671 815 1758 Heraclitum,
846 1682 883 1738 ut
913 1677 1041 1761 opinor,
1077 1684 1265 1762 sequentes:

152 1795 254 1860 quem
283 1775 392 1866 ipsum
419 1795 486 1864 non
512 1795 626 1844 omues
653 1776 909 1862 interpretentur
935 1798 1001 1844 uno
1033 1778 1141 1844 mode.
1191 1777 1268 1860 Qui

155 1877 332 1962 quoniam,
354 1876 434 1964 quid
456 1876 594 1961 diceret,
617 1877 760 1964 intelligi
782 1878 901 1962 noluit,
923 1881 1141 1949 omittamut.“
1335 1887 1340 1896 ’

240 1978 467 2051 Walkerus
483 1980 639 2067 conjecit:
662 2003 775 2068 quem
798 1982 999 2068 quoniam,
1028 1983 1116 2070 quod
1143 1983 1265 2051 nullius

157 2081 237 2148 libri
258 2081 323 2148 fide
341 2083 565 2167 confirmetur,
589 2084 776 2170 refragatum
796 2085 896 2150 etiam
916 2083 1136 2152 Ernestiua
1156 2096 1189 2152 et
1210 2087 1266 2155 du·

152 2207 227 2252 rum
252 2185 342 2253 dicit.
387 2185 506 2270 Recte,
525 2209 588 2257 neo
608 2187 673 2254 mei
689 2187 821 2258 codices
841 2185 1070 2271 suffragantur.
1378 2239 1387 2248 .

241 2286 484 2354 Obscuritetem
512 2290 671 2354 sermonis
699 2287 882 2354 Heraclitei
908 2289 1015 2372 tangit
1039 2296 1072 2354 et
1088 2288 1180 2360 illud
1200 2291 1267 2376 epi-

153 2411 303 2476 gramma
325 2412 381 2478 up.
399 2389 572 2476 Diogen.
602 2391 666 2458 IX.
705 2395 754 2458 16.
786 2393 945 2491 insertum
963 2412 1090 2478 quoque
1110 2393 1266 2463 Anthclo·

154 2495 231 2580 giae
249 2493 397 2562 Graecae
420 2493 512 2566 Tom-
534 2494 594 2561 IV.
617 2517 692 2582 pag.
715 2497 787 2562 226.
812 2494 863 2560 ed.
887 2494 910 2559 J
916 2493 1038 2570 ecobs
1254 2548 1258 2556 ,

283 2594 346 2680 Μὴ
371 2588 681 2681 castrilucium
705 2591 759 2664 ἐπ’
785 2591 941 2681 impetor
963 2601 1054 2666 attus
1075 2601 1195 2684 βίβλον
1329 2639 1333 2645 2

162 2734 164 2739 ·
242 2693 398 2784 τάφεοία·
422 2693 510 2784 μάλα
532 2720 584 2764 τοι
606 2694 771 2784 δύσβατος
793 2691 990 2782 ἀτραπιτός·

241 2795 354 2887 όρφνη
377 2799 434 2870 ναὶ
455 2796 575 2880 σκότος
597 2801 668 2880 dclv
689 2795 897 2885 ἀλάμπετον·
920 2795 965 2886 ἦν
985 2803 1025 2869 ‹le'
1044 2820 1083 2870 σε
1102 2799 1208 2888 prim
1234 2848 1281 2887 ,„

243 2902 421 2990 εἰσαγάγῃ,
445 2907 574 2990 φανερόν
593 2897 798 2990 λαμπρότερ’
818 2900 922 2988 risile
1380 2905 1387 2915 '

239 3007 293 3072 De
309 3007 449 3073 lectione
467 3029 534 3073 non
553 3008 704 3095 estquod
723 3025 874 3074 moneam
890 3015 965 3096 post
986 3006 1136 3073 Jacobsii
1157 3002 1265 3072 obser-

157 3119 249 3194 vata,
276 3110 332 3200 qui
353 3111 518 3204 tamenin
540 3131 577 3176 eo
599 3109 741 3194 fallitur,
770 3110 858 3198 quod
883 3132 927 3176 ex
948 3109 1116 3198 Hesychio
1129 3108 1267 3175 Milesio

158 3236 232 3301 pag.
263 3213 314 3278 21.
344 3216 430 3281 εἴλεε
451 3211 592 3298 profert,
621 3235 696 3278 nrm
725 3212 773 3280 ibi
793 3212 914 3297 legitur
941 3213 1035 3285 stira.
1077 3212 1130 3278 De
1148 3200 1268 3299 quavi

157 3315 269 3398 verbi,
299 3321 458 3401 quatenus
485 3314 519 3380 id
547 3313 587 3378 de
619 3314 712 3380 libris
747 3313 938 3383 evolvendis
969 3315 1104 3398 dicium,
1142 3316 1268 3382 monuit

158 3415 515 3500 Hemsterhusius,
536 3417 687 3482 laudatus
707 3437 727 3480 a
749 3417 996 3482 Ruhnkenio
1019 3417 1062 3483 ad
1082 3418 1167 3497 Tim.
1188 3440 1265 3505 peg.
1347 3477 1352 3482 .

161 3524 210 3584 71.
257 3517 397 3605 Reliqua
419 3519 538 3606 optime
564 3520 715 3604 exposuit
736 3519 858 3586 Jacobs
880 3519 923 3584 ad
943 3520 976 3584 h.
992 3520 1013 3584 l.
1058 3519 1148 3586 Illud
1166 3519 1269 3587 δότ·
1371 3599 1374 3603 y

160 3626 291 3706 βατος
312 3614 542 3706 ἀτραπιτός
569 3621 624 3708 (de
647 3620 745 3709 libro)
768 3622 886 3687 referri
911 3632 1020 3710 potest
1047 3624 1091 3689 ad
1111 3607 1194 3689 illud
1210 3647 1267 3710 ge·

160 3745 219 3788 nus
241 3723 402 3806 locorum,
426 3745 508 3810 quos
529 3745 632 3810 nuper
653 3727 819 3814 congessit
834 3725 1071 3792 eruditissimus
1093 3725 1268 3812 Heusde,

162 3824 379 3912 Specimen
399 3825 434 3889 in
449 3824 620 3890 Platonem
641 3825 722 3911 Peg.
744 3831 820 3912 130,
841 3827 899 3894 ubi
919 3825 1069 3895 Platonis
1090 3829 1181 3895 locus
1201 3828 1269 3894 lau·

164 3930 256 3994 datur
277 3927 375 3994 Polit.
397 3927 478 4013 Pag.
501 3930 581 4011 258,
603 3930 639 3993 in
662 3951 726 4016 quo
746 3930 847 3995 simili
868 3953 967 3996 sensu
984 3925 1141 4015 ἀτραπός.

245 4030 435 4114 Caeterum,
467 4030 554 4118 quod
580 4053 600 4095 a
626 4031 891 4118 prudentioribus
914 4041 1040 4100 tantum
1060 4033 1201 4119 intelligi
1222 4032 1269 4098 di·

90 4167 91 4172 *
163 4133 241 4199 citur
268 4133 528 4216 Heraclitus,
556 4133 724 4198 commode
753 4135 789 4196 in
814 4142 955 4200 mentem
983 4144 1156 4202 revocatur
1185 4135 1268 4200 illud

164 4237 302 4304 Alcaei
326 4235 533 4318 Messenii
555 4235 757 4324 Epigramm.
786 4235 885 4302 XXI.
913 4244 1095 4324 αἴνιγμα.
1144 4237 1269 4322 φέγγος

164 4339 221 4424 μὲν
238 4339 405 4424 ξυνετοῖς,
432 4333 656 4418 ἀξυνέτοτς
677 4334 710 4406 δ’
739 4341 863 4428 ἔρεβος.

242 4441 283 4506 In
302 4442 374 4530 ipre
396 4438 474 4506 libri
494 4441 589 4508 initio
619 4436 779 4520 ἀξονέτος
800 4441 948 4536 homines
975 4441 1119 4528 reliquos
1140 4441 1270 4510 dixerat
1401 4475 1404 4481 ·
