3167 5192
1183 514 1244 578 tec

133 680 316 764 tribuebet3
339 703 406 770 qua
425 679 638 746 vehementer
649 679 829 745 delectatum
844 688 908 762 est,
930 703 995 746 non
1016 689 1083 746 tam
1104 682 1246 769 praedae

134 782 275 849 utilitate
301 783 434 864 duetus,
466 803 566 869 quae,
590 805 664 849 cnm
691 784 721 848 is
742 780 912 848 oculorum
936 782 1006 848 acie
1028 784 1136 850 minus
1157 783 1245 850 vale·

132 895 197 969 ret,
216 887 324 952 rarior
342 885 496 970 contigit,
519 907 618 973 quam
638 885 832 952 salubritate
853 883 1107 952 exercitationis.

216 987 374 1054 Ceterum
392 987 501 1052 omnia
521 986 622 1052 oflicii
642 1010 780 1055 munera
800 986 992 1075 reliquoque
1016 989 1164 1073 negotio,
1185 1011 1243 1077 pu·
1335 1031 1338 1042 .

132 1090 216 1156 blice
234 1090 346 1176 jussa,
362 1087 630 1174 religiosissime
660 1090 757 1174 obiit,
783 1091 905 1178 quippe
931 1092 987 1178 qui
1013 1089 1141 1156 scholae
1166 1113 1243 1158 sues

133 1214 312 1280 numquam
325 1190 396 1256 iere
411 1189 605 1277 negligeret.
650 1191 723 1273 Quo
741 1193 857 1278 magis,
877 1215 951 1259 cum
968 1193 1124 1260 feriarum
1143 1195 1243 1260 otium

133 1296 262 1377 aderat,
281 1293 447 1360 literarum
469 1294 587 1359 studiis
608 1294 799 1382 urbaneque
824 1319 921 1384 opere
943 1296 1095 1362 defessus
1115 1297 1243 1362 animus
1331 1297 1337 1310 '

132 1397 311 1484 gestiebat,
339 1405 372 1461 et
397 1397 491 1482 quasi
517 1395 656 1462 volitare
684 1395 851 1484 cupiebat,
878 1419 959 1464 cura
984 1396 1160 1485 laboreque
1187 1420 1242 1462 va

132 1522 219 1566 onus.
266 1499 425 1586 Tuncque
444 1521 501 1564 rus
519 1521 563 1565 ex
582 1498 665 1565 urbe
678 1499 887 1565 concedebat.
932 1498 1242 1568 Rusticabetuufere

133 1625 202 1668 cum
223 1601 386 1668 illustria
407 1600 616 1688 Meieenbug,
642 1602 699 1688 qni
720 1600 815 1666 bonis
833 1603 957 1670 artibus
979 1602 1242 1690 humanitateque
1356 1657 1358 1660 .

133 1725 187 1768 sua
201 1704 338 1788 generis
359 1702 562 1769 nobilitatem
585 1706 718 1790 egregie
740 1714 844 1771 ornet.
888 1707 931 1771 Ei
949 1707 1021 1773 viro
1038 1705 1157 1770 Noster
1178 1707 1242 1792 pri·

132 1806 222 1870 marii
242 1805 294 1870 sui
316 1807 423 1893 operis
443 1816 570 1894 partem
587 1815 734 1895 quartam
748 1808 927 1896 inscripsit.
971 1808 1012 1873 In
1032 1805 1096 1874 illo.
1111 1807 1244 1895 quidem

131 1906 266 1994 praedio
291 1910 525 1987 Ttdcmonnue,
554 1931 629 1975 cum
652 1911 696 1976 ad
716 1909 932 1998 multiplicem
953 1911 1053 1976 enimi
1080 1911 1242 1976 remissio-

131 2031 201 2074 nem
228 2009 432 2077 descendere
455 2011 589 2097 soleret,
621 2014 827 2078 venationem
860 2014 1052 2101 praecipue:
1085 2011 1241 2099 plurimes

131 2120 238 2176 tamen
267 2109 366 2177 borae
391 2115 658 2182 accommodabat
681 2116 725 2181 ed
743 2115 919 2201 legendum
939 2113 994 2181 vel
1021 2114 1063 2180 ad
1085 2135 1141 2180 eas
1163 2115 1240 2180 sori-

131 2216 275 2299 ptionee,
297 2237 382 2302 quae
402 2224 436 2281 et
456 2218 577 2303 exiguo
597 2228 743 2306 tempore
762 2217 1019 2299 absolverentur,
1040 2239 1146 2303 neque
1163 2217 1240 2282 sori-

132 2320 258 2384 niorum
280 2318 473 2406 adparatum
490 2323 705 2407 requirerent.

108 2465 112 2471 -
209 2419 330 2508 Neque
357 2423 649 2509 veroquisquam,
675 2423 742 2486 nisi
767 2421 825 2510 qui
850 2421 935 2486 hunc
962 2421 1027 2486 viri
1048 2419 1241 2499 industriam
1339 2462 1354 2479 .
1388 2483 1395 2506 ,

130 2522 267 2605 viderit,
299 2524 533 2612 ingeniumque
565 2525 685 2591 efficax
705 2526 805 2613 inque
827 2521 938 2588 labore
961 2521 1169 2592 felicissimae
1191 2545 1241 2590 oe·
1346 2553 1355 2562 ·

132 2623 270 2690 leritatis
286 2628 486 2711 cognoverit,
506 2626 692 2713 intelligere
710 2627 831 2715 poterit
849 2645 934 2706 eum,
954 2645 993 2688 eo
1007 2625 1123 2692 aetatis
1137 2625 1242 2710 gradu

133 2729 359 2812 constitutum,
381 2738 430 2794 tot
446 2729 519 2816 jem
542 2737 698 2818 tantaque
720 2728 879 2794 librorum
900 2725 1067 2815 volumina
1089 2725 1240 2792 edidisse.

132 2830 258 2912 Quibus
284 2831 351 2896 alie
375 2830 518 2918 plurima
542 2831 621 2897 addi
647 2833 790 2918 possint,
821 2830 929 2894 minus
954 2829 989 2894 in
1014 2827 1136 2914 vulgus
1154 2837 1241 2911 nota,

131 2934 218 3000 velut
249 2955 335 3021 quae
354 2933 451 2998 Illius
478 2955 635 2998 censurae
662 2934 816 3019 legrmtur
833 2933 868 2996 in
891 2936 972 2998 Actis
992 2938 1148 2998 literarum
1169 2937 1241 3016 un}

131 3056 286 3103 cesarum
315 3025 508 3112 Jeuenn'buc,
536 3037 638 3122 inque
660 3040 845 3101 Bibliotheca
872 3039 1066 3115 (immensos,
1096 3032 1152 3118 qui
1170 3032 1240 3118 phi-

129 3139 298 3226 losophiae
319 3138 399 3221 loci,
422 3159 535 3204 omnes
559 3147 717 3225 quotquot
737 3138 785 3205 ibi
807 3145 954 3220 exstant,
982 3139 1247 3216 Euryclopuedioc
1315 3181 1323 3187 -

132 3247 329 3311 Germant'cce
350 3245 603 3318 Francosurtenst
621 3241 664 3306 ab
685 3243 758 3328 ipso
779 3241 894 3304 inserti
917 3246 1011 3321 sunt,
1030 3235 1150 3302 utalia
1169 3235 1239 3322 plu-

131 3343 212 3408 rime
234 3344 398 3426 omittam
421 3351 505 3430 quae
521 3343 593 3427 ille,
615 3345 747 3408 nomine
768 3363 834 3408 non
854 3341 981 3424 addito,
1003 3359 1062 3426 per
1082 3336 1240 3424 Epheme·
1308 3369 1312 3394 ι

131 3446 237 3511 ridum
260 3445 479 3510 literar-iarum
501 3447 775 3532 opportunitatem
795 3445 985 3530 disputavit.

212 3546 364 3628 Qtrorum
388 3546 537 3612 laborum
563 3548 658 3616 sicuti
686 3569 814 3634 semper
841 3546 911 3610 fere
934 3544 1039 3610 laudis
1061 3541 1240 3629 praemium

131 3650 217 3734 tulit,
245 3651 302 3721 ita
318 3648 489 3736 aliquoties
511 3650 727 3735 insigniorem
749 3649 892 3714 functum
914 3647 1064 3712 utilitatis
1085 3645 1239 3732 percepit,

131 3775 226 3839 quem
247 3750 322 3833 ille,
343 3760 508 3840 tamqnam
530 3751 672 3837 diligens
691 3760 785 3839 pater
806 3750 967 3833 familias,
987 3769 1164 3835 numquam
1186 3747 1240 3815 de·

131 3857 258 3941 spicere
278 3855 369 3918 visus
391 3863 451 3919 est.

131 4003 141 4020 ,
211 3957 257 4020 In
281 3963 420 4042 utroque
442 3977 563 4042 genere
585 3957 647 4023 boo
668 3963 736 4039 eet,
758 3954 847 4042 quod
869 3953 977 4040 Ipsius
1000 3952 1238 4018 commentatio·

131 4081 207 4126 num
226 4079 296 4123 une
313 4059 355 4123 ab
373 4063 538 4124 Academia
557 4065 713 4124 literarum
736 4063 918 4136 Gallinaceos·
923 4105 930 4133 ,
954 4055 1057 4120 altera
1079 4077 1099 4118 a
1117 4057 1239 4118 Berolr'-

130 4171 226 4246 nerei,
249 4162 347 4226 tertia
367 4161 487 4226 deinde
506 4183 526 4225 a
545 4165 721 4244 Teylerianu
733 4163 925 4223 Hortemeusi
944 4159 979 4222 in
1001 4156 1238 4222 concertatione

131 4266 275 4351 praemio
304 4271 419 4329 ornate
445 4271 505 4328 eet.
556 4263 699 4351 Josepho
726 4283 854 4349 quoque
879 4259 1021 4350 seeundo
1045 4260 1238 4344 imperatore

125 4366 261 4451 jubente
292 4367 446 4433 cathedre
471 4367 655 4433 oblataest
681 4367 716 4430 in
744 4363 855 4428 schola
877 4361 1024 4428 Budensi
1047 4359 1238 4446 Hungariae

131 4470 173 4556 (a.
198 4470 313 4556 1784),
339 4491 436 4558 quam
464 4479 573 4536 tomen
600 4469 658 4564 ille
678 4467 898 4540 conditionem
920 4463 1094 4532 recusavit.
1140 4459 1237 4544 Quod
