3167 5192
292 453 356 522 230

379 622 467 689 Malo
495 629 604 688 autem
629 623 665 688 ln
682 624 901 690 annotatione
928 619 1125 704 ubertatem,
1159 638 1243 708 quae
1270 639 1424 722 quocum

295 726 380 811 alat,
402 747 499 814 quam
517 723 696 790 exilitatem
715 723 841 792 aridam
855 723 1137 812 jejunitatemque.
1179 721 1224 788 nt
1244 721 1325 788 licet
1337 721 1425 787 dia-

294 829 411 895 lectica
432 829 516 892 ratio
536 847 656 914 magna
672 847 748 914 pars
769 830 813 893 sit
833 828 979 914 cujusvis
998 824 1292 913 interpretationis,
1312 847 1425 913 prae·

295 932 407 996 sertim
424 929 482 994 ubi
503 929 537 992 in
551 927 743 1016 philosopho
762 931 921 1013 verseris3
942 951 1048 1018 neque
1062 936 1172 994 tamen
1187 928 1315 1014 negligi
1328 925 1424 1003 volo

295 1029 546 1120 explicationem
567 1049 686 1114 rernm,
708 1029 817 1118 idest,
838 1017 1015 1115 notionum,
1036 1040 1070 1096 et
1081 1030 1284 1118 placitorum.
1308 1027 1426 1093 Hunc
1492 1046 1493 1049 ¹

294 1135 374 1220 lere,
397 1153 493 1222 quem
514 1131 716 1218 adumbravi,
731 1134 968 1224 interpretandi
988 1133 1120 1199 modum
1133 1140 1208 1198 sunt
1225 1132 1280 1219 qul
1294 1125 1424 1195 hodie-

294 1259 358 1326 que
377 1236 541 1302 Batavum
561 1233 681 1300 dicant.
725 1239 800 1324 Ego
828 1238 910 1325 quid
931 1235 1108 1320 Batavum,
1134 1234 1214 1323 quid
1235 1233 1423 1299 Germani-

295 1361 369 1430 cum
383 1337 612 1423 Gallicumqne
633 1337 676 1402 sit
697 1339 885 1426 explicandi
903 1361 1017 1426 genna,
1038 1361 1090 1406 me
1110 1338 1216 1403 fateor
1236 1329 1421 1422 ignorare:

294 1443 357 1508 hoc
377 1443 446 1506 scio
467 1437 549 1503 illud
567 1437 768 1506 fructuosum
785 1463 857 1508 ease
875 1451 909 1508 et
928 1441 1093 1530 placuisse
1109 1461 1128 1506 e
1143 1435 1271 1506 Gallico
1285 1436 1421 1524 populo

295 1543 474 1624 Salmasiis,
498 1539 711 1625 anaubonis,
730 1540 883 1628 Valeriis,
906 1564 926 1608 e
944 1544 1133 1609 Britannico
1145 1537 1317 1625 Bentlejis,
1339 1539 1420 1604 Da-

294 1647 403 1727 visiis,
436 1665 455 1707 e
487 1641 613 1708 Batavo
639 1643 831 1728 Gronoviia,
861 1645 1134 1729 Hemeterhueiis,
1167 1640 1418 1724 Valckenariis,

295 1745 521 1828 Ruhnkeniia,
544 1767 563 1809 e
584 1746 783 1812 nosnatibus
796 1745 958 1833 Barthiia,
983 1747 1197 1836 spanhemiis,
1220 1744 1305 1827 aliis,
1324 1765 1417 1832 quos

296 1851 394 1935 longe
414 1867 533 1935 sequor
554 1867 755 1937 quorumque
775 1851 918 1936 vestigia
939 1869 1067 1936 semper
1083 1847 1193 1914 adoro.
1231 1845 1298 1926 Qui
1319 1846 1416 1910 haud

294 1953 390 2041 pauci
416 1950 577 2036 hodieque
604 1951 795 2016 universum
826 1950 1015 2037 explicandi
1042 1952 1209 2036 negotium
1232 1948 1275 2012 ad
1300 1969 1416 2032 gram-

294 2057 446 2122 maticam
465 2052 626 2118 rationem
645 2061 816 2137 revocant,
838 2054 863 2117 ii
883 2073 999 2139 parum
1020 2051 1102 2116 mihi
1121 2060 1235 2116 tenere
1252 2049 1416 2114 videntur

294 2151 382 2246 quod
403 2151 598 2221 Plutarchus
617 2152 707 2218 Tuus
730 2154 872 2240 eleganti
896 2153 1108 2218 similitudine
1130 2153 1299 2238 exprimit:
1319 2151 1416 2235 „Qui

295 2260 442 2325 Platonis
464 2265 521 2322 aut
533 2253 762 2342 Xenophontis
782 2254 884 2321 libros
902 2264 1034 2343 propter
1045 2255 1230 2337 dictionem,
1252 2253 1414 2341 nullaque

295 2361 361 2427 alia
380 2360 422 2426 de
444 2377 561 2424 caussa
582 2356 704 2442 legunt,
721 2359 786 2423 nisi
808 2367 845 2424 ut
854 2361 999 2424 Atticam
1015 2356 1105 2422 illam
1120 2358 1313 2423 munditiem
1329 2357 1414 2422 inde

295 2462 399 2529 veluti
426 2479 533 2526 rorem
558 2456 764 2546 despumant,
799 2461 879 2549 quid
912 2461 1002 2526 aliud
1030 2459 1157 2524 diceres
1185 2459 1259 2526 illos
1286 2459 1412 2542 facere,

295 2583 392 2651 qnam
411 2557 612 2646 fragrantem
629 2570 661 2626 et
674 2561 827 2628 floridum
840 2561 1071 2629 medicamenti
1087 2561 1230 2627 colorem
1244 2561 1414 2650 amplecti,

295 2665 363 2732 vim
391 2685 471 2729 vero
501 2662 706 2750 expurgandi
733 2667 879 2752 corporis
906 2675 963 2732 aut
990 2663 1127 2731 sedandi
1156 2664 1278 2730 doloris
1300 2660 1412 2751 neque
1492 2734 1493 2751 ρ

295 2785 402 2851 nosse,
425 2785 531 2854 neque
552 2765 796 2853 adnnittere.“*)

381 2869 461 2953 Sed,
483 2867 619 2954 objiciat
639 2867 772 2956 aliquis,
791 2890 844 2934 me
866 2870 1006 2938 eundem
1026 2873 1068 2936 in'
1082 2866 1201 2937 Proclo
1218 2872 1318 2935 nimis
1335 2870 1410 2936 hre-

161 3025 165 3046 ,
218 3040 222 3050 A
295 2995 370 3040 vem
393 2971 506 3037 fuisse.
551 2967 628 3034 Tibi
655 2991 715 3055 ego
744 2992 848 3036 meam
871 2974 1065 3038 sententiam
1082 2958 1281 3062 probavero,
1308 2974 1338 3039 si
1359 2996 1410 3037 re·

249 3066 254 3087 ¹
296 3074 457 3163 spondero
482 3075 560 3138 item
585 3071 745 3138 breviter:
779 3073 923 3139 noluisse
951 3095 1003 3139 me
1028 3074 1295 3142 commentarium
1323 3097 1410 3140 ccm-

295 3177 454 3244 mentario
484 3195 629 3242 onerare.
669 3174 784 3262 Neque
810 3177 916 3261 magis
945 3175 1069 3264 placuit
1096 3201 1231 3266 operose
1252 3199 1353 3265 agere
1375 3179 1411 3242 in

297 3277 510 3344 Nathanatlis
529 3278 651 3343 libello.
690 3278 745 3342 Ad
766 3278 837 3364 ejus
856 3280 1049 3344 sententiam
1071 3283 1127 3370 qui
1142 3283 1238 3369 plura
1255 3279 1355 3364 velit,
1378 3281 1411 3344 ei

295 3382 460 3465 insignem
488 3403 582 3469 opem
616 3381 830 3468 praestabunt
863 3404 946 3470 quae
979 3383 1031 3448 Tu
1060 3383 1095 3446 in
1125 3385 1337 3450 annotatione
1367 3383 1410 3448 ad

296 3482 505 3548 Phaedonem
532 3507 630 3573 super
659 3485 902 3550 immortalitate
928 3483 1108 3550 animarum
1140 3509 1183 3552 ex
1211 3488 1410 3573 scriptorum

297 3593 445 3650 veterum
466 3586 679 3678 plurimorum
699 3587 791 3653 libris
814 3595 944 3652 enotata
965 3596 1104 3676 apteque
1123 3587 1283 3678 disposita
1299 3590 1410 3675 copio-

297 3686 426 3752 sissime
446 3687 632 3755 exhibuisti.
663 3690 778 3777 Itaque
800 3691 857 3776 qui
878 3691 913 3754 in
927 3689 1102 3756 Plutarcho
1123 3692 1305 3757 studiorum
1322 3691 1409 3756 Tuo·

296 3809 369 3856 rum
397 3789 596 3856 domicilium
621 3792 750 3859 locasse
779 3791 950 3876 videbare,
982 3815 1019 3858 re
1040 3795 1112 3881 ipsa
1132 3795 1321 3860 monstrasti
1342 3817 1410 3860 non
1479 3793 1486 3802 ”

367 3982 393 4050 *)
412 3982 536 4046 ammodo
561 3987 617 4050 qais
644 3999 704 4036 ama
730 3988 756 4036 iu
780 3987 872 4036 ctnme
893 3986 964 4048 pros.
995 3993 1059 4036 seat.
1089 3992 1153 4053 pag.
1171 3987 1232 4040 304.
1257 3988 1300 4038 ed.
1319 3989 1409 4054 Wytt.

300 4061 375 4128 Τοὺς
397 4061 449 4136 μὲν
473 4060 529 4136 γὰρ
551 4061 684 4122 Πλάτωνι
710 4067 759 4122 καὶ
783 4069 952 4138 ,Ξενοφῶντι
978 4067 1141 4139 χρωμένους
1167 4067 1218 4124 διὰ
1244 4066 1298 4140 τήν
1321 4067 1408 4138 λέξιν,

198 4154 200 4172 '
298 4149 394 4222 ἕτερον
418 4149 450 4207 δὲ
472 4149 561 4223 μηδὲν
585 4149 648 4208 ollt’
671 4147 692 4226 ἢ
713 4155 754 4214 τὸ,
764 4150 898 4226 καθαρόν
913 4174 943 4210 τε
961 4156 1010 4210 καὶ
1023 4152 1161 4226 Ἀττικόν,
1186 4150 1281 4226 ὅσπερ
1300 4154 1409 4228 δρόσον

298 4241 347 4294 καὶ
367 4239 471 4310 χνοῦν,
495 4235 763 4312 ἀποδρεπομένους,
786 4245 817 4296 τί
835 4235 873 4298 ἂν
896 4235 965 4298 cillo
984 4247 1073 4314 φαίης
1091 4239 1112 4314 ἢ
1131 4241 1292 4315 φαρμάκων
1310 4241 1343 4300 τὸ
1363 4241 1408 4301 εὖ·

299 4327 369 4389 (ὅδες
391 4327 439 4380 καὶ
465 4323 498 4382 τὸ
517 4325 651 4399 ἀνθηρὰν
669 4324 798 4405 ἀγαπᾷν,
821 4325 854 4384 τὸ
878 4326 910 4384 dl
927 4325 1081 4386 ἆνοίδονον
1097 4331 1147 4385 καὶ
1169 4329 1350 4403 καθαρτικὸν
1367 4329 1407 4404 μὴ

299 4415 471 4483 προσίεσθαι
488 4413 565 4486 μηδὲ
576 4413 741 4488 producam
