3167 5192
344 469 385 536 ιο
495 485 539 562 s

344 637 467 724 'gibus
486 657 571 724 pag.
602 657 647 700 ιιι.
671 637 733 702 956
756 653 828 724 sqq.
871 633 949 716 Qu
971 633 1009 700 in
1033 652 1086 718 re,
1117 634 1270 700 uouttin
1301 631 1467 701 omnibus

343 740 429 824 fere,
457 738 545 805 haud
566 758 689 824 paucos
720 738 902 804 imitatores
929 744 1044 802 nactus
1073 745 1123 802 est
1150 758 1273 824 eosque
1292 736 1468 821 egrefflos,

344 839 448 908 veluti
477 839 682 906 Plotinum
707 838 743 904 in
772 855 812 905 eo
837 838 943 924 iihro,
969 840 1027 927 qui
1055 848 1107 904 est
1132 838 1174 904 de
1196 840 1357 925 προνοίᾳ,
1384 837 1466 902 vid.

344 945 429 1010 Eun.
457 941 520 1008 III.
553 939 628 1006 Lib.
649 939 695 1004 II.
720 941 776 1028 qui
795 945 922 1026 tamem
951 943 1038 1008 sicut
1055 941 1166 1008 omnia
1186 941 1284 1028 hujus
1311 939 1466 1028 philoso-

342 1046 415 1134 phi,
451 1065 583 1113 manum
609 1040 771 1106 medicam
797 1031 989 1130 οιιοροοίιί.
1032 1043 1104 1129 Sic,
1141 1053 1181 1110 ut
1206 1043 1385 1125 honour,
1426 1043 1467 1106 in

343 1150 447 1237 ipsius
468 1146 582 1212 limine
603 1152 773 1230 peccatum
798 1154 849 1211 est
868 1168 890 1210 a
909 1146 1062 1230 librariis,
1086 1147 1117 1212 εί
1132 1141 1196 1232 μὲν
1216 1135 1258 1214 ὗν
1277 1139 1346 1212 aad
1363 1166 1468 1223 τινος

345 1247 448 1335 χρόνοι
470 1241 638 1332 πρότερον
658 1239 697 1313 ιἰιι
718 1240 803 1312 ὄντα
821 1243 883 1314 τὸν
904 1246 1061 1333 χρόνον
1081 1246 1241 1334 ἐλέγομεν
1265 1246 1465 1332 γεγονέναι,

344 1349 407 1436 τὴν
432 1343 541 1432 αὐτὴν
567 1339 611 1414 ἂν
635 1351 682 1435 τῷ
709 1347 800 1440 λόγῳ
824 1349 974 1436 dinato,
1010 1351 1086 1419 οῖον
1112 1349 1169 1416 καί
1194 1347 1250 1417 ἐπὶ
1273 1360 1343 1428 tots
1370 1343 1465 1416 md

344 1453 445 1538 μέρος
465 1448 622 1538 ἐλέγομεν
645 1445 740 1518 εἶναι.
784 1477 816 1518 ιι.
837 1475 865 1518 τ.
889 1460 920 1520 ί..

425 1605 586 1702 'Disputat
613 1605 762 1672 Plotinus
792 1617 906 1673 contra
932 1630 1004 1691 eos,
1033 1607 1089 1694 qui
1109 1605 1267 1672 mundum
1290 1607 1379 1672 hunc
1401 1585 1479 1672 ali·¹

346 1703 410 1800 quo
433 1717 577 1794 tempore
598 1715 709 1773 natum
731 1711 975 1776 contenderent.
1020 1709 1160 1796 Exque
1181 1717 1272 1798 patet
1290 1709 1464 1794 corrigen-

346 1813 422 1878 dum
442 1833 515 1878 esse
535 1807 596 1874 τὸν
617 1809 756 1895 κόσμον.
797 1809 868 1899 διὰ
890 1811 931 1878 de
958 1811 1010 1877 his
1032 1812 1125 1878 alias.
1169 1811 1260 1877 Huic
1273 1811 1465 1898 jungamus

244 1927 246 1932 ’
346 1913 493 1999 ejusdem
519 1913 655 1978 rationis
679 1923 872 1980 sectatorem
900 1914 923 1979 J
930 1913 1190 1982 amblichum.
1236 1913 1302 1996 Qui
1323 1911 1464 2001 quidem

344 2039 418 2081 oum
444 2015 479 2080 in
504 2013 573 2080 vita
598 2013 807 2102 Pythagorae
839 2015 918 2106 Cap.
950 2018 1001 2081 32.
1051 2015 1232 2081 Abaridem
1258 2015 1351 2080 illum
1375 2012 1464 2101 Scy-

343 2118 433 2186 tham
461 2115 631 2181 Phalaridi
662 2125 802 2205 tyranno
837 2120 1089 2207 persuadentem
1125 2119 1226 2187 faciat
1258 2156 1301 2168 -
1328 2109 1374 2197 ὡς
1409 2117 1463 2195 ἒςι
1502 2166 1503 2175 .

344 2224 439 2288 θεία
471 2217 633 2304 πρόνοια,
669 2222 781 2286 πᾶσαν
816 2220 934 2288 ἐλπίδα
969 2215 1193 2308 ἀνθρωπίνην
1224 2218 1280 2287 καὶ
1307 2214 1464 2304 δύναμιν

345 2317 570 2408 ὑπεραίρειν,
589 2323 660 2410 ipse
683 2323 815 2412 quidem
835 2323 971 2403 viderit,
993 2321 1048 2388 vel
1070 2324 1099 2387 is
1126 2344 1223 2411 quem
1242 2321 1299 2387 ille
1324 2329 1462 2386 secutus

231 2501 234 2512 ¹
345 2437 412 2512 est,
434 2447 531 2519 quam
552 2423 674 2490 sithoc
699 2449 742 2490 ex
769 2426 926 2490 historiae
946 2423 1012 2490 fide
1033 2434 1211 2492 narratum.
1254 2423 1350 2492 Alter
1370 2424 1463 2512 ejus·

345 2528 609 2622 demnscriptoris
630 2525 721 2592 locus
741 2536 790 2592 est
812 2527 892 2616 Oap.
915 2528 966 2592 28.
990 2525 1031 2592 de
1050 2525 1254 2616 Thymarida
1276 2523 1463 2592 Tarentino

344 2629 581 2720 Pythagorico,
610 2629 679 2718 qui,
706 2653 769 2718 quo
800 2629 932 2694 doceret
956 2652 1035 2694 non
1056 2627 1343 2698 reluctandum
1365 2651 1463 2694 esse

343 2731 646 2829 providentiae,
672 2731 734 2797 hac
762 2755 842 2798 usus
871 2733 1018 2800 oratione
1048 2738 1108 2798 est.
1160 2731 1238 2820 Ipsa
1271 2729 1375 2797 verba
1400 2731 1462 2798 ad-

347 2834 504 2904 scribam:

390 3023 398 3030 ¹*
430 2987 496 3056 Καὶ
518 2988 567 3067 τις
583 2985 655 3075 Ιἤδη
679 2985 833 3076 ἐπιβάντι
850 2992 888 3056 οὔ
908 2991 1006 3059 stoa
1029 2983 1138 3075 εἶπεν,
1158 2983 1222 3054 ὅσοι
1239 2983 1344 3074 βέλει,
1363 2985 1464 3072 παρὰ

345 3097 414 3159 τῶν
434 3094 529 3159 θεοῖν
551 3089 682 3176 γένοιτό
701 3109 767 3178 σοι,
789 3082 818 3159 ω’
839 3093 1024 3179 &upsalia
1046 3090 1104 3158 nat
1124 3083 1163 3170 ὃς
1184 3086 1351 3175 εὐφημεῖν
1371 3089 1461 3176 ἔφη·

345 3182 430 3264 titt
458 3196 623 3280 βολοίμην
652 3198 797 3281 μᾶλλον,
826 3189 891 3260 ὅσα
910 3217 969 3279 μοι
990 3192 1081 3280 παρὰ
1101 3197 1173 3259 τοῖν
1191 3193 1289 3260 θεῶν
1305 3189 1459 3277 γίνηται.

344 3297 522 3386 „Cumque
549 3299 586 3362 in
608 3319 646 3362 eo
677 3307 789 3383 esset,·
808 3307 847 3364 ut
867 3298 939 3385 jam
965 3319 1085 3363 navem
1105 3296 1356 3380 conscenderet,
1383 3297 1459 3384 qui-

344 3403 420 3468 dam
441 3399 485 3464 ad
507 3422 595 3485 eum,
618 3403 770 3468 eveniant
788 3400 861 3484 tihi,
882 3398 1092 3487 Thymsrids,
1113 3416 1325 3486 quaecunque
1343 3398 1458 3465 volue-

343 3505 405 3569 ris:
420 3511 468 3567 at
488 3502 559 3586 ille,
587 3505 634 3569 Di
656 3504 810 3570 meliora!
836 3500 1021 3588 respondit3
1048 3502 1129 3589 quin
1146 3501 1255 3588 potius
1271 3501 1386 3568 malim
1403 3523 1457 3586 oa,

344 3628 427 3694 quae
448 3604 534 3670 mihi·
551 3606 661 3674 aDiis
671 3607 865 3674 ⁴adventura
885 3613 971 3670 sunt.
981 3608 1020 3643 “·
1042 3605 1095 3669 Ita
1112 3604 1200 3670 huno
1217 3603 1326 3670 locum
1347 3625 1457 3670 emen-

345 3709 488 3776 dandum
515 3713 641 3776 sensuit
670 3709 942 3779 Gasaubonus
970 3707 1013 3773 ad
1032 3706 1238 3773 Athenaeum
1258 3704 1288 3770 1.
1317 3709 1348 3770 Ἰ.
1393 3706 1456 3772 Oe-

344 3819 416 3876 tera
443 3811 574 3900 quidem
603 3815 737 3900 optime,
767 3820 810 3880 at.
825 3833 892 3877 non
917 3814 1011 3894 item,
1038 3810 1177 3899 quodie
1203 3829 1263 3896 pro
1286 3804 1383 3892 περὶ
1400 3807 1456 3874 bis

343 3913 489 4000 reposuit
517 3913 643 4001 παρά,
673 3918 701 3981 si
722 3937 803 3982 vera
824 3922 874 3979 est
894 3913 1084 3979 observatio
1108 3913 1222 3998 magni
1243 3908 1457 3995 Salmasii,

344 4015 510 4102 adscripta
537 4017 686 4110 exemplo
712 4018 734 4084 J
739 4016 942 4083 amblichi
948 4066 958 4100 ‚
989 4015 1077 4104 quod
1104 4017 1141 4081 in
1162 4012 1371 4079 Bibliotheca
1396 4033 1455 4078 no-

346 4119 414 4206 stra¹
446 4117 633 4186 academici
648 4127 861 4201 asservatur.
918 4117 981 4184 Ille
1012 4117 1099 4184 hunc
1131 4115 1324 4205 scriptorem
1349 4111 1456 4209 *docet

208 4261 212 4270 ,
345 4217 627 4302 sexcenties'rtsot
646 4213 815 4312 usurpare,
836 4219 895 4289 ubi
915 4222 1072 4289 sermonis
1086 4220 1199 4308 graeci
1218 4239 1297 4285 usus
1318 4238 1453 4306 poscere

345 4323 496 4402 videatrr
526 4324 648 4409 παρά.
694 4325 768 4407 Qua
794 4325 922 4393 ratione
949 4323 1065 4393 ductus
1091 4322 1181 4398 idern
1206 4321 1243 4389 in
1269 4322 1378 4409 capite
1405 4343 1454 4388 se·

347 4426 452 4494 cundo
471 4436 617 4522 extremo
633 4428 722 4516 (pag.
742 4431 773 4492 9.
794 4427 846 4493 ed.
864 4426 1001 4512 Kuster)
1016 4421 1093 4510 περὶ
1107 4418 1173 4510 γὰρ
1187 4420 1455 4508 ἐκείνοιν-ἐφο-
