3167 5192
1217 454 1379 549 sr'

148 658 179 715 et
198 641 345 717 dicerent
364 658 401 717 et
417 648 677 717 venerarentur?
718 646 835 735 Neque
856 668 938 715 vero
956 650 1027 715 vita
1038 650 1144 717 solum
1156 652 1257 720 Athe·
1277 692 1288 705 =

147 755 197 818 nis
214 755 358 841 primum
378 754 552 819 emendata
570 760 620 818 est
638 773 714 818 cum
732 748 865 837 publica
882 756 951 817 tum
970 752 1115 839 privata,
1139 755 1198 820 sed
1218 776 1258 821 aa

147 877 275 944 quoque
299 855 423 922 tradita
450 863 542 939 sunt,
570 876 654 943 quae
682 852 781 940 hujus
801 853 889 919 vitae
916 855 1073 921 terminos
1096 856 1258 922 excedunt
1357 942 1367 951 ι

148 966 180 1020 et
198 959 359 1045 perennia
378 955 551 1022 habentur.
581 955 682 1021 llam
698 969 880 1041 CICERONI,
905 966 939 1021 at
963 956 1052 1045 quali
1074 961 1178 1024 omnis
1200 960 1257 1027 1111

147 1060 312 1125 manitatis
339 1059 478 1143 arbitro,
510 1082 585 1125 cum
620 1058 723 1124 multa
750 1058 872 1123 eximia
902 1057 1079 1149 divinaque
1105 1063 1258 1132 ridentur

146 1161 295 1226 Athenae
313 1160 391 1226 illae
412 1164 580 1251 peperisse
602 1172 700 1250 atque
720 1161 757 1225 in
778 1161 880 1225 vitam
902 1159 1068 1229 hominum
1089 1164 1256 1249 adtulisse,

145 1270 211 1327 tum
232 1262 315 1327 nihil
343 1264 461 1331 melius
489 1265 555 1331 illis
578 1264 763 1352 mysteriis,
785 1260 904 1349 quibus
933 1284 975 1331 ex
999 1268 1122 1351 agresti
1146 1269 1257 1337 imma·

145 1367 244 1453 nique
270 1366 342 1433 vita
368 1366 492 1433 exculti
518 1366 562 1433 ad
583 1366 818 1433 humanitatem
846 1374 878 1431 et
895 1366 1035 1453 mitigati
1060 1369 1182 1435 fuerint
1201 1392 1256 1458 po-

145 1467 229 1555 puli,
248 1490 334 1556 quac
355 1474 496 1535 1111111111
517 1468 737 1557 appellentur,
759 1468 807 1534 ita
826 1489 862 1533 re
884 1489 964 1533 vera
986 1471 1148 1559 principia
1169 1473 1257 1538 vitae

106 1651 111 1664 .
145 1572 278 1655 cognita
299 1592 389 1654 esse,
412 1572 531 1659 quihus
550 1594 617 1637 non
637 1572 742 1638 solum
763 1592 837 1637 cum
858 1569 984 1637 laetitia
1005 1572 1141 1639 vivendi
1159 1576 1256 1641 ratio·

144 1694 218 1735 nem
231 1672 420 1759 acceperint
431 1672 554 1760 populi,
573 1673 633 1739 sed
654 1675 753 1739 etiam
771 1695 844 1739 cum
859 1694 916 1760 spe
928 1673 1064 1740 meliore
1083 1676 1254 1743 moriendi.

144 1774 186 1837 Et
206 1797 244 1840 re
261 1777 358 1859 vert,
381 1778 531 1863 quamvis
543 1777 745 1864 impurorum
760 1776 927 1842 hominum
944 1776 1108 1863 flagitiosa
1124 1800 1256 1867 perver-

144 1877 221 1940 sitas
242 1878 425 1965 posteriore
446 1886 553 1947 aetate
572 1877 653 1944 11111
669 1900 798 1966 quoque
814 1880 964 1945 instituta
986 1880 1030 1945 ad
1050 1901 1179 1945 omnem
1201 1902 1256 1948 ne·
1297 1956 1302 1963 ¹

144 1980 281 2065 quitiam
302 1980 473 2047 deflexerit
494 1982 747 2069 detorseritque:
770 1980 854 2047 illud
871 1991 981 2047 tamen
997 1983 1112 2069 negari
1133 1984 1255 2070 nequit,

143 2083 275 2147 saniore
302 2084 478 2171 disciplina
510 2086 559 2149 rei
582 2083 833 2148 Atheniensium
865 2082 1017 2169 publicae
1048 2094 1255 2171 prospectum

143 2183 261 2269 luisse,
283 2194 321 2251 ut
341 2186 393 2252 his
407 2187 487 2274 ipsis
510 2184 795 2275 praeceptionibus
812 2186 852 2268 ii,
872 2188 928 2273 qui
942 2194 1084 2251 mentem
1099 2208 1255 2255 sevocare

142 2289 376 2375 acontagione
401 2291 547 2377 corporis
568 2296 717 2375 possent,
750 2288 792 2354 de
819 2290 971 2357 maximis
993 2287 1091 2353 rebus
1120 2286 1256 2355 meliora

143 2388 367 2457 edocerentur.
417 2391 484 2475 Qui
509 2393 597 2458 enim
624 2390 698 2457 fieri
721 2394 878 2478 potuerit,
906 2400 942 2457 ut
969 2392 1157 2477 gravissimi
1179 2394 1254 2476 viri,
1346 2382 1351 2387 ’

143 2490 308 2559 Isocrates
328 2495 450 2583 aliique
472 2504 617 2563 oratores
638 2492 772 2581 plurimi
793 2492 835 2561 ab
857 2493 908 2562 his
928 2480 1094 2581 mysteriis
1114 2506 1182 2561 tam
1203 2517 1255 2561 co·

142 2596 270 2681 piosam
297 2595 482 2665 laudandae
508 2587 651 2664 civitatis
676 2597 803 2684 patriae
828 2597 999 2674 materiam
1024 2595 1254 2695 desumerent?⁴
1310 2659 1314 2666 ,

226 2696 296 2765 Sed
315 2699 497 2767 referamus
524 2699 643 2788 pedem
663 2698 825 2765 Eleusine
840 2696 882 2763 ab
907 2698 1014 2785 iisque
1035 2700 1152 2795 saeris,
1171 2720 1255 2788 quae
1308 2690 1312 2705 ’

141 2798 266 2865 ibidem
285 2809 445 2870 nocturno
463 2805 555 2871 aditu
574 2802 738 2867 occultata
754 2799 886 2884 fiebant,
909 2800 1134 2890 enitamurque
1153 2804 1189 2867 in
1204 2824 1254 2867 ar·

142 2923 226 2986 cem,
254 2900 314 2968 ubi
333 2902 455 2971 illustri
474 2905 547 2972 loco
568 2904 745 2971 constituta
764 2902 929 2972 communi
950 2904 1094 2969 omnium
1119 2925 1253 2969 venera·

100 3067 103 3075 .
140 3006 229 3071 tione
253 3002 378 3071 dudum
405 3008 573 3075 colebatur
600 3007 766 3089 Minerva,
793 3025 989 3092 quamquam
1014 3005 1159 3073 nondum
1178 3004 1255 3069 Phi-

142 3108 237 3173 diaco
266 3129 366 3195 opere
391 3110 674 3194 commendabilis,
702 3128 818 3177 verum
845 3116 955 3171 tamen
979 3107 1052 3194 ipsa
1081 3112 1254 3174 vetustate.
1319 3174 1322 3183 ,

142 3211 203 3277 1111
225 3232 308 3277 vero
329 3232 438 3277 arcem
458 3212 637 3300 urbemque
658 3214 706 3277 ita
725 3208 860 3277 tenebat
878 3208 1073 3295 antiquitus,
1101 3217 1138 3276 ut
1158 3210 1256 3278 etiam
1295 3287 1299 3301 q

141 3312 241 3401 hujus
265 3335 385 3381 nomeu
408 3327 482 3380 oum
507 3316 581 3403 ipse
607 3316 670 3381 dea
696 3335 739 3379 ex
765 3310 929 3377 communi
951 3310 1079 3395 origine
1104 3331 1255 3377 manasse

142 3417 342 3483 crederetur.
387 3417 493 3499 Quam
519 3440 590 3483 rem
610 3419 667 3505 qui
686 3415 835 3504 pluribus
858 3412 969 3479 verbis
989 3414 1141 3501 persequi
1163 3412 1255 3502 velit,

140 3520 174 3583 in
202 3542 296 3603 eum,
318 3520 499 3586 verendum
525 3530 590 3604 est,
612 3542 654 3583 ne
675 3528 764 3583 recte
790 3518 919 3583 dicatur
940 3515 1023 3581 illud
1043 3517 1150 3603 ipsum
1172 3540 1255 3603 „no-
1300 3526 1305 3537 '

141 3631 251 3688 ctuam
269 3620 456 3687 Athenas.“
501 3624 616 3713 Neque
643 3622 749 3707 magis
773 3617 964 3708 disputabo,
987 3627 1096 3687 utrum
1120 3620 1151 3683 ei
1173 3617 1256 3685 deae

140 3728 231 3811 prius
267 3724 315 3787 sit
351 3723 530 3791 lanificium
563 3724 768 3807 attributum,
804 3745 847 3787 an
882 3718 961 3787 belli
1002 3722 1254 3790 administratio.

141 3827 257 3893 Fuerit
275 3825 353 3890 licet
373 3828 537 3916 antiquior
557 3826 617 3892 illa
634 3826 715 3891 belli
735 3844 964 3910 armorumque
975 3845 1117 3910 praeses,
1139 3846 1254 3891 verum

141 3939 254 3995 tamen
277 3948 344 3993 non
366 3930 397 3995 ei
417 3928 505 3995 bello
533 3929 647 3995 eadem
667 3938 814 4016 praeest,
842 3926 930 4014 quod
951 3927 1178 4013 impotentium
1200 3950 1254 3993 cu-

140 4032 317 4118 piditatum
336 4030 502 4097 furoribus
528 4040 651 4099 temere
671 4030 888 4097 incrudesoit:
914 4028 977 4095 hoc
1000 4030 1090 4095 Mars
1115 4031 1254 4097 admini-
1331 4046 1334 4049 '

142 4142 225 4199 stret
245 4141 280 4197 et
307 4155 366 4219 per
387 4135 520 4221 agmina
545 4133 760 4201 barbarorum
787 4130 1064 4217 sanguinolentus·
1078 4142 1167 4199 ruat:
1196 4130 1254 4198 illa

140 4238 171 4301 ei
191 4234 283 4301 bello
296 4245 439 4322 praeest,
462 4236 550 4325 quod
569 4237 707 4303 consilio
722 4245 857 4323 arteque
874 4235 1010 4320 geritur,
1031 4234 1119 4322 quod
1138 4254 1253 4319 pacem

138 4348 308 4426 tamquam
327 4338 427 4405 finem
444 4346 579 4425 spectat,
601 4340 690 4427 quod
711 4334 935 4406 conservando
949 4356 1053 4423 aeque
1073 4341 1257 4421 atquepes·.

139 4439 324 4510 eumdando
344 4441 500 4510 1111111111.
1300 4459 1304 4466 “

187 4566 307 4613 onus.
329 4566 445 4611 orreo.
1024 4534 1044 4599 6
1118 4548 1126 4581 “’
1156 4609 1165 4625 „
