3167 5192
1216 239 1230 278 0

1108 451 1298 541 ,ω

158 619 231 688 hoc
253 621 335 706 agas
358 628 396 686 ut
416 619 545 687 abditos
561 619 746 708 philosophi
765 641 880 687 sensus
895 641 1009 684 eruere
1024 618 1166 684 studeas.
1198 618 1282 684 Con-

159 732 230 807 tra,
255 724 286 788 si
305 721 484 790 difficultas
505 744 572 789 uon
593 732 688 794 acuat
707 721 914 808 intelligendi
928 721 1088 802 studium,
1110 721 1169 786 sed
1184 721 1282 788 hebe-

159 834 231 910 tet,
266 845 444 912 numquam
471 822 694 908 recludentur,
728 846 812 912 quae
844 823 981 890 occlusa-
1006 845 1079 888 esse
1108 831 1142 888 et
1170 833 1284 910 operta
1359 892 1364 902 ,

161 928 373 995 dictitantur.
1164 981 1169 1004 ,

257 1027 369 1109 Quare
390 1027 511 1112 accipe,
532 1025 776 1114 Wyttenhachi,
800 1028 879 1114 quid
901 1049 963 1113 ego
983 1027 1018 1091 in
1039 1025 1101 1092 hoc
1121 1049 1187 1092 uno
1208 1027 1282 1093 Plo-

161 1131 231 1195 tini
253 1129 341 1195 libro
360 1127 604 1214 interpretando
627 1131 689 1196 sirn
710 1138 851 1194 secutus.
895 1129 1162 1195 Nimirumhaec
1182 1152 1282 1195 anno

162 1234 250 1298 tatio
279 1239 357 1296 nata
383 1230 463 1298 mibi
478 1237 542 1301 ,est
568 1253 611 1298 ex
637 1231 716 1317 ipsis
737 1231 819 1296 meis
845 1230 975 1297 scholis.
1019 1230 1060 1294 In
1082 1232 1200 1319 quibus
1221 1233 1284 1298 hoe

163 1333 394 1400 necessarium
413 1331 543 1418 judico,
567 1339 611 1406 ‚ut
628 1331 753 1417 liquido
773 1339 972 1397 monstretur
992 1328 1117 1418 parum¹
1129 1355 1218 1415 esse,
1241 1333 1282 1416 si,

166 1459 256 1524 quae
285 1432 437 1500 sublimia
463 1441 495 1498 et
521 1434 660 1519 grandia
681 1434 833 1522 loquatur
853 1441 911 1498 aut
929 1433 1024 1500 Plato
1046 1443 1102 1500 aut
1123 1433 1284 1516 Plotinus,

167 1537 389 1625 suspiciamus
417 1543 450 1600 et
470 1535 668 1602 admiremur
697 1546 730 1602 et
756 1538 913 1607 divinitus
940 1537 1083 1622 cogitata
1104 1559 1176 1604 esse
1196 1537 1283 1602 dica·

167 1663 261 1724 mus3
286 1637 346 1704 sed
366 1637 489 1724 requiri
506 1636 649 1725 aliquam
662 1640 972 1728 interpretationem,
994 1661 1078 1726 quae
1093 1640 1284 1726 simpliciter

169 1767 209 1810 ac
232 1740 378 1808 dilucide
403 1740 597 1804 sententiam
632 1763 744 1806 eorum
771 1765 855 1829 quae
881 1741 1036 1827 legimus,
1072 1744 1291 1828 grammatica

168 1847 300 1912 ratione
326 1839 457 1926 singula
485 1839 588 1906 verba
613 1844 797 1908 minutatim
814 1865 1042 1931 persequens,
1072 1845 1169 1910 nobis
1196 1853 1285 1931 pate·

169 1947 285 2012 faciat.
329 1942 446 2029 Itaque
465 1942 554 2008 soleo
574 1943 646 2008 iere
664 1945 698 2008 in
720 1944 795 2008 aliis
814 1967 943 2032 quoque
961 1945 1156 2012 lectionibus
1176 1934 1285 2011 facere

168 2049 245 2138 plus
267 2045 434 2128 minusve,
454 2067 515 2131 pro
537 2047 704 2133 scriptoris
726 2047 890 2133 cujusvis,
909 2070 1005 2134 quem
1025 2056 1213 2130 tractamus,
1235 2068 1285 2110 ra·

169 2153 262 2218 tione
296 2148 516 2234 orationeque.
566 2147 675 2236 Atque
705 2147 767 2212 hoc
799 2151 897 2214 etiam
926 2151 1058 2215 nomine
1084 2149 1182 2214 laudo
1206 2149 1287 2214 mihi

171 2272 284 2316 meum
302 2246 502 2333 Kayserum,
531 2249 588 2336 qui
610 2248 759 2314 similiter
779 2251 898 2316 retinet
920 2251 1097 2339 discipulos
1118 2251 1154 2314 in
1174 2251 1285 2335 singu·

171 2355 282 2420 larum
304 2349 498 2424 tractatione
525 2372 643 2416 vocum
665 2353 978 2443 sententiarumque,
1004 2375 1069 2442 quo
1091 2351 1286 2438 subigantur

172 2454 308 2542 ingenia
325 2459 451 2526 tenera.
495 2452 564 2516 Alii
584 2452 767 2518 clamitant:
795 2458 963 2537 „cursorie
988 2456 1065 2545 (hoc
1086 2456 1174 2521 enim
1189 2467 1290 2522 usur:

171 2558 268 2648 pant)
288 2569 361 2620 ess'e
385 2553 582 2640 αςειιιιιιιιι.ιι
625 2553 757 2620 Scilicet
778 2557 899 2622 cursim
920 2579 980 2622 nos
1002 2579 1101 2642 agere
1117 2557 1237 2645 jubent
1250 2565 1288 2621 ut

172 2663 273 2727 can'es
298 2655 504 2732 lambitantes
531 2655 652 2722 Nilum.
702 2657 770 2724 Nos
803 2659 1074 2726 inhumanitatis
1102 2659 1284 2746 disciphnis

172 2764 351 2828 humanam
369 2759 530 2824 rationem
551 2767 722 2844 sectamur,
744 2784 811 2828 non
828 2763 989 2829 caninam.
1033 2763 1078 2827 Et
1097 2760 1287 2849 quidaliud

174 2874 226 2932 est
255 2881 460 2948 corrumpere
489 2861 598 2942 ludos,
633 2885 729 2948 quam
757 2864 1022 2952 praeceptoribus
1050 2863 1286 2930 defunctoriam
1365 2854 1367 2860 ‘

175 2965 385 3053 disciplinam
406 2963 571 3029 inculcare
592 2965 702 3030 velle?
763 3001 772 3014 =

262 3067 378 3154 Neque
397 3087 476 3136 vero
499 3065 698 3134 doctioribus
721 3088 787 3136 non
809 3069 969 3133 inservire
987 3068 1097 3135 studui
1112 3067 1174 3131 hac
1188 3085 1288 3129 anno-

174 3175 300 3242 tatione
328 3171 364 3244 in
389 3169 509 3234 librum
530 3169 661 3234 Plotini.
705 3169 901 3253 Nemeum,
928 3170 1047 3240 ubiad
1067 3190 1200 3254 operum
1221 3188 1290 3232 om

175 3280 269 3344 nium
296 3271 471 3338 editionem
502 3273 638 3354 ¹venero,
674 3273 708 3336 in
741 3274 854 3339 critico
880 3295 934 3336 me
960 3294 1093 3337 munere
1120 3271 1288 3334 continere

176 3378 383 3468 potissimum
412 3373 566 3456 debeam,
590 3375 651 3458 ita,
681 3384 718 3439 ut
743 3375 903 3462 quidquid
928 3373 1203 3462 interpretationis
1227 3379 1287 3455 est,
1352 3412 1358 3433 1

177 3481 346 3568 rejiciatur
366 3479 402 3541 in
415 3475 562 3542 Lexicon
576 3477 813 3544 Plotinianum:
836 3498 924 3542 nunc
946 3477 1080 3564 quidem
1097 3477 1132 3540 in
1145 3476 1208 3541 hoc
1223 3499 1289 3542 uno

177 3581 291 3650 libello
312 3581 477 3667 specimen
498 3579 636 3668 prodere
657 3579 741 3662 volo,
764 3601 828 3666 quo
844 3586 980 3663 constet,
1003 3600 1101 3666 quam
1115 3588 1204 3653 arcto
1219 3581 1289 3646 vin

178 3685 253 3752 culo
282 3683 484 3748 contineatur
514 3683 585 3768 ejus
607 3681 793 3769 philosophi
814 3682 989 3768 explicatio
1010 3704 1077 3746 non
1097 3682 1193 3748 modo
1216 3683 1290 3751 cum

179 3791 253 3875 ipsa
275 3785 414 3850 lectione
435 3784 582 3849 Platonis
608 3793 640 3850 et
659 3784 864 3867 Aristotelis,
893 3783 952 3849 sed
972 3784 1179 3871 reliquorum·
1193 3787 1291 3851 etiam

179 3886 446 3977 philosophorum
471 3890 625 3953 omnium.
670 3887 779 3952 Etiam
804 3886 867 3951 hoc
890 3885 980 3952 volui
1002 3885 1156 3972 intelligi,
1189 3909 1290 3974 quan-
1379 3897 1381 3913 '

180 4002 250 4057 tum
277 3975 419 4054 inuicem
451 4013 522 4055 sese
554 3991 712 4078 adjuvent
739 3989 889 4055 Plotinus
923 3997 956 4052 et
977 3988 1064 4055 Novi
1091 3988 1292 4053 Testamenti
1354 4050 1359 4064 ,

183 4095 366 4180 scriptores,
388 4091 509 4156 Paulus
528 4094 711 4180 praecipue,
734 4094 876 4182 itemque
894 4092 1063 4157 Ecclesiae
1078 4091 1192 4155 Patres
1208 4090 1291 4154 chri-

184 4197 317 4260 stianae.
363 4194 437 4276 Qua
465 4194 499 4258 in
527 4217 562 4260 re
585 4203 694 4260 utrum
715 4197 848 4262 modum
867 4186 1028 4274 tenuerim
1048 4216 1291 4282 usquequaque,

183 4321 225 4362 an
246 4297 337 4384 justo
363 4297 482 4363 fuerim
506 4297 687 4386 profusior,
721 4299 773 4366 Tu
804 4290 957 4368 omnium‘
975 4297 1095 4388 optime
1115 4295 1292 4384 judicabis,

183 4399 427 4488 Wyttenbachi.
