3167 5192
221 433 224 438 ’
324 430 384 494 104

321 598 512 665 excolendo.
557 600 704 691 (tumque
736 624 847 673 omues
873 620 1031 699 perpetuo
1055 638 1153 685 ouras
1177 642 1272 691 mese
1292 648 1333 693 eo
1352 627 1431 695 diri·

322 707 448 787 gentur‚
469 709 505 765 ut
518 705 646 789 possim
669 727 767 793 quom
787 707 928 795 plurime
948 736 1040 782 meae
1062 741 1142 805 ergo
1159 722 1226 791 Vos
1248 727 1432 796 voluntatis

322 802 515 869 documenta
535 804 630 871 dore:
657 808 740 873 nibil
760 811 841 875 mibi
861 815 1039 905 quidquam
1060 826 1186 908 gratius
1204 826 1325 916 poterit
1343 835 1432 899 soei-

249 945 254 956 1
321 904 414 987 dere,
436 905 518 970 nibil
535 900 733 996 mea‘magis
754 913 863 979 studio
883 917 1034 1005 incitare,
1054 946 1151 1011 quem
1174 930 1203 993 si
1222 930 1290 999 Vos
1307 934 1344 999 in
1365 936 1432 1003 hoo

320 1008 672 1092 praestantissimorum
694 1014 839 1079 virorum
860 1017 1023 1089 domicilio
1052 1025 1096 1091 od
1115 1031 1291 1099 eorundem
1311 1034 1432 1103 laudes

319 1110 447 1173 naviter
465 1111 661 1177 contendere
684 1112 806 1180 videro.

403 1208 534 1277 Summe
553 1211 690 1298 DEUS‚
717 1217 773 1303 qui
797 1240 850 1283 me
879 1220 913 1284 in
939 1222 1000 1289 hoo
1021 1226 1180 1299 bonorum
1205 1238 1323 1303 artium
1344 1242 1432 1307 sede

317 1308 496 1394 oolloossti,
518 1320 550 1376 et
571 1334 613 1377 en
631 1336 652 1377 a
672 1338 724 1380 me
741 1318 917 1403 juvenibus
933 1326 1019 1391 tradi
1036 1330 1179 1419 voluisti,
1202 1348 1284 1425 qu'oe
1297 1346 1432 1427 possint

317 1412 553 1479 immortalibus
575 1436 685 1481 eorum
706 1420 823 1485 animis
844 1424 1018 1509 prodesse:
1040 1429 1116 1499 buio
1136 1443 1203 1501 tam
1225 1450 1337 1509 saneto
1354 1466 1428 1510 mu·

318 1513 390 1577 neri
410 1536 527 1596 annue,
548 1538 758 1606 meorumque
779 1522 898 1589 virium
917 1531 1108 1599 tenuitatem
1123 1538 1193 1605 Tuo
1214 1541 1331 1608 robore
1346 1568 1427 1611 oon·

318 1612 421 1677 firme.
466 1614 626 1682 REGEM
646 1630 808 1707 nostrum,
835 1634 931 1711 q‘uem
950 1631 1039 1697 vices
1063 1634 1150 1703 Tuas
1166 1641 1202 1705 in
1220 1642 1284 1709 hoo
1300 1647 1426 1734 populo

317 1735 431 1799 gerere
447 1715 588 1800 jussisti,
609 1720 737 1787 salvum
757 1726 976 1815 sospitemque
996 1747 1136 1823 praesto,
1155 1764 1218 1829 quo
1233 1748 1338 1831 possit
1350 1757 1426 1814 tsn-

314 1814 358 1878 tie
380 1816 466 1879 euris
488 1817 649 1885 sufficere.
682 1823 951 1894 LITERARUM
971 1834 1049 1901 item
1069 1839 1425 1917 MODERATOREM

313 1923 349 1980 et
369 1914 465 2003 hujus
487 1918 686 1990 Academiae
715 1926 981 1997 CURATORES
1003 1936 1075 2003 Tul
1099 1946 1260 2031 sepientit
1280 1950 1423 2038 illustra,
1464 1970 1468 1975 “

313 2027 350 2085 ut
369 2016 444 2085 huie
464 2020 676 2089 saluberrime
698 2029 878 2097 consulent.
912 2034 1162 2126 Praeceptorum
1182 2070 1280 2135 porro
1300 2055 1423 2123 studiis

313 2120 547 2207 benignissime
572 2125 661 2192 adsis
681 2152 786 2217 eoque
800 2133 843 2197 od
864 2132 969 2201 Tuum
991 2139 1144 2212 honorem
1173 2151 1307 2239 diriges.
1340 2154 1420 2221 Sus·

311 2225 383 2310 oipe
409 2224 542 2292 tandem
568 2226 653 2295 beno
672 2231 900 2319 inventutem,
934 2260 1030 2325 quom
1051 2257 1183 2317 nostrae
1210 2253 1287 2320 fidei
1311 2260 1419 2325 oredi-

269 2407 273 2417 Ι
310 2325 403 2408 disti,
428 2348 602 2416 eorumque
627 2332 752 2399 animos
780 2336 823 2403 ad
848 2337 1066 2412 innocentium
1091 2372 1206 2439 eoque,
1236 2380 1320 2446 quae
1345 2360 1419 2428 solu
1496 2352 1497 2369 ἶ

218 2505 223 2516 ¹
309 2428 466 2513 perennio
486 2437 571 2513 sunt,
593 2443 757 2502 converte.

751 2672 971 2693 Ἣ

580 2902 584 2911 .
645 2860 1073 2946 ΑΝΝΟΤΑΤΙΟ.

799 3030 914 3047 *—

372 3147 405 3197 Ρ.
426 3146 468 3201 73.
505 3150 564 3200 own
591 3153 694 3222 Pnooe]
719 3157 810 3211 Locus
830 3166 871 3213 est
893 3167 965 3231 apud
983 3171 1138 3231 Ciceronem
1160 3182 1203 3234 De
1220 3188 1309 3241 Finib.
1330 3192 1363 3245 V.
1385 3198 1409 3251 l.

303 3232 364 3283 coll.
382 3250 442 3301 oop.
465 3238 490 3287 2.
509 3237 555 3291 ubi
575 3238 688 3306 legitur:
711 3247 795 3315 „Ego
814 3255 905 3305 autem
922 3256 986 3321 tibi,
1008 3261 1086 3329 Piso,
1108 3268 1260 3340 adsentior,
1283 3293 1335 3331 usu
1357 3282 1410 3339 hoo

255 3324 262 3341 ‘
303 3322 424 3386 evenire,
449 3328 480 3373 ut
498 3326 587 3377 uerius
613 3329 753 3397 eliquanto
772 3340 800 3387 et
823 3338 960 3395 adtentius
989 3346 1022 3399 de
1040 3350 1120 3407 claris
1139 3358 1206 3411 viris
1223 3362 1343 3421 locorum
1362 3372 1409 3423 ud·

302 3408 406 3461 monitu
429 3412 590 3477 cogitemus.
600 3415 616 3442 “
652 3418 719 3471 Ibid.
745 3424 828 3487 „Hoo
849 3434 939 3481 eutem
958 3437 1092 3504 tempore,
1118 3446 1170 3495 etsi
1184 3448 1270 3501 multu
1287 3453 1315 3503 in
1334 3461 1408 3509 omni

300 3499 378 3558 parte
395 3496 561 3550 Athenarum
579 3508 642 3553 eunt
659 3505 688 3555 in
702 3508 768 3573 ipsis
786 3511 854 3563 louis
871 3516 973 3571 indicis
990 3538 1153 3582 summorum
1171 3535 1299 3603 virorum,
1315 3545 1407 3596 tamen

302 3594 354 3645 ego
370 3582 418 3634 ills
435 3600 546 3637 moveor
560 3591 668 3642 exedit.
704 3595 788 3648 Modo
808 3600 878 3652 enim
896 3605 948 3656 fuit
967 3609 1134 3682 Carneades,
1159 3636 1239 3687 quem
1257 3627 1351 3681 videre
1368 3634 1406 3682 vi>-

300 3666 365 3718 ‹leor
384 3667 437 3733 (est
455 3674 525 3723 enim
541 3681 607 3727 nota
623 3680 741 3749 imago),
761 3701 779 3735 a
796 3688 914 3756 sedeque
931 3694 991 3760 ipso
1008 3703 1079 3752 tanti
1097 3704 1200 3771 ingenii
1217 3716 1405 3779 magnitudine

299 3752 396 3805 orbett
418 3756 565 3813 desiderari
582 3764 658 3817 illem
675 3783 771 3821 vocem
793 3778 897 3839 puto.“
932 3781 990 3837 Cio.
1016 3786 1049 3837 de
1068 3788 1121 3841 Off.
1140 3792 1164 3843 I.
1185 3796 1209 3846 1.
1235 3798 1268 3851 de
1289 3800 1404 3856 Athenis

299 3843 327 3889 et
350 3839 492 3909 Cratippo:
516 3876 552 3889 —
570 3859 703 3919 „Propter
725 3874 856 3917 summum
878 3870 905 3917 et
931 3870 1042 3925 doctam
1069 3881 1260 3935 auctoritatem
1279 3891 1402 3957 stertis,

284 3942 410 3993 equorum
429 3930 498 3983 alter
520 3939 548 3986 te
565 3940 680 3993 soientit
704 3933 804 4013 augere
820 3957 925 4019 potest,
952 3958 1038 4013 alters
1057 3966 1221 4033 exemplis.“
1256 3974 1403 4031 Diversum

295 4012 427 4077 judicium
450 4024 492 4070 eet
515 4022 634 4079 Socratis
658 4034 729 4096 apud
752 4036 895 4092 Plutonem
919 4045 948 4095 in
966 4048 1090 4103 Phaedro
1113 4070 1142 4122 p.
1162 4057 1214 4109 230
1231 4060 1266 4113 D.
1296 4055 1331 4113 τὰ
1350 4058 1402 4131 μὲν

297 4088 350 4155 οὖν
367 4103 457 4172 χωρία
470 4105 518 4158 καὶ
536 4103 571 4161 nt
587 4109 791 4184 &eripueritis
808 4122 930 4191 pstilla
948 4129 1103 4201 διδάσκειν,
1123 4134 1154 4191 ol
1170 4134 1200 4192 δ’
1218 4132 1249 4195 ἕν
1265 4146 1307 4217 τῷ
1322 4141 1400 4213 ἄστει

295 4180 457 4258 ἅνθρωποι.
478 4198 672 4261 Quem-tamen
689 4210 849 4266 universum
862 4216 985 4272 Platonis
999 4222 1086 4276 locum
1103 4234 1167 4281 onte
1181 4223 1274 4287 oolilos
1292 4240 1401 4297 videtur

295 4278 424 4333 babuisse
441 4284 545 4339 Oioero.
584 4289 709 4346 Ceterum
727 4299 763 4350 os.
782 4302 891 4354 Atticus
910 4322 954 4373 op.
969 4310 1092 4365 Oieeron.
1112 4314 1146 4367 ds
1163 4318 1249 4388 Legg.
1270 4324 1308 4377 H.
1326 4328 1353 4379 2.
1371 4320 1398 4395 4ss

257 4405 262 4415 ,
291 4362 320 4415 in
337 4367 464 4435 eandem,
488 4388 569 4441 quom
592 4377 698 4434 Tollius
719 4384 754 4437 de
777 4386 873 4447 Offloo.
900 4390 918 4445 l.
938 4392 957 4447 l.
984 4396 1093 4465 attigit,
1117 4408 1284 4463 sententium
1309 4411 1400 4481 dupu-
