3167 5192
1210 478 1270 541 rer
1309 502 1337 563 g

148 643 329 709 videratur.
374 642 419 709 Et
449 651 520 709 arat
537 638 582 709 'is
609 641 821 725 cunctabor,
851 662 925 709 cunr
956 646 1124 731 superiore
1150 645 1267 729 hieme,

147 754 281 833 praeter
303 744 489 811 scholarum
511 768 623 830 curas,
642 746 785 833 primum
802 746 837 809 in
853 744 998 811 Denonii
1012 748 1180 813 itinerario
1195 770 1266 813 ver·
1332 822 1338 831 p

149 848 270 914 nacule
291 849 467 933 vertendo,
501 850 620 917 deinde
651 850 686 914 in
718 847 915 937 expoliendo
947 870 1006 914 suo
1027 848 1266 937 Psychologiae

149 950 345 1037 compendio
370 949 578 1037 deligeretur.
624 950 770 1033 Quarum
795 950 1100 1017 commentationum
1121 950 1199 1017 dum
1221 952 1266 1017 al-

147 1063 223 1119 tera
236 1052 424 1136 conficitur,
454 1054 558 1121 altera
583 1053 793 1143 profligatur,
822 1056 1054 1133 merimannus,
1076 1054 1133 1141 qui
1155 1046 1197 1118 ab
1217 1055 1266 1119 in·

150 1157 264 1222 stitnto
288 1177 387 1241 opere
409 1155 578 1225 discedere
597 1155 708 1240 nollet,
729 1156 833 1222 bonas
853 1178 928 1223 suas
950 1154 1014 1223 sibi
1027 1154 1127 1221 ferias
1146 1154 1265 1242 perdit.

149 1260 266 1348 Neque
292 1266 404 1323 tamen
425 1261 472 1323 ita
493 1259 646 1325 affectum
667 1267 891 1347 corpuserat,
923 1266 960 1323 ut
979 1278 1039 1351 per
1057 1256 1156 1343 hujus
1176 1259 1264 1322 veris

150 1364 381 1451 intemperiem
400 1370 551 1449 grassata
569 1362 641 1427 lues
661 1362 818 1429 Nostrum
836 1382 952 1447 rapere
971 1382 1068 1447 posse
1088 1358 1288 1429 videmiae·

152 1466 256 1553 Cujus
284 1463 365 1529 mali
394 1466 535 1551 primam
562 1464 618 1529 ille
647 1465 894 1553 impressionem
922 1463 1025 1527 sensit
1050 1484 1092 1528 ex
1122 1462 1264 1528 ambula-

149 1570 238 1635 tione
254 1575 419 1648 revers'us,
442 1588 542 1653 quum
558 1562 716 1631 cruditate
739 1573 916 1649 contracta,
939 1573 1068 1636 noctem
1085 1554 1266 1635 insomnem

150 1670 300 1753 duceret,
322 1667 498 1755 febrilique
518 1674 609 1732 motu
626 1661 818 1753 agitaretur.
856 1667 991 1755 Iamque
1011 1671 1047 1733 in
1065 1677 1179 1757 pectus
1193 1692 1265 1757 pro·

149 1775 281 1861 rupisse
300 1770 477 1841 videbatur
500 1771 605 1837 omnis
627 1772 810 1837 acutissimi
830 1770 936 1842 morbi
956 1772 1024 1857 vis,
1046 1792 1143 1861 quem
1159 1770 1265 1841 Pneu-

150 1877 296 1941 moniam
320 1896 393 1939 esse
422 1873 508 1939 dixit
535 1872 658 1942 auxilio
676 1882 818 1939 vocatus
841 1878 1015 1940 Moenclu'ns
1032 1882 1144 1939 noster
1159 1874 1201 1939 V.
1224 1874 1265 1940 E.

149 1975 320 2060 Tandem,
350 1998 411 2040 sex
435 1975 505 2040 fere
533 1975 649 2041 diebus
667 1977 787 2043 misere
808 1976 939 2059 tractis,
967 1976 1020 2043 vir
1042 1976 1265 2044 sanctissimus

150 2104 189 2147 eo
211 2080 326 2164 rediit,
356 2079 444 2145 unde
465 2101 502 2144 se
526 2086 633 2145 ortum
659 2065 798 2163 sciebat,
823 2085 856 2143 et
880 2100 959 2165 quo,
981 2086 1147 2170 tunquam
1167 2100 1265 2143 verus
1336 2071 1342 2085 ’

149 2182 381 2271 philosophus,
403 2181 548 2250 inomni
570 2183 641 2249 vita
661 2176 862 2269 cogitaverat
885 2180 932 2268 (d.
956 2182 1007 2245 24.
1021 2180 1101 2269 Maj.
1124 2202 1168 2245 m.
1188 2189 1265 2245 ante

150 2286 291 2374 lucem),
313 2308 387 2357 cum
409 2306 512 2351 annos
532 2277 927 2373 vixuset'qainqusginta
947 2292 980 2351 et
1000 2275 1155 2371 quinque.
1199 2281 1265 2351 Pro
1352 2289 1368 2317 ·'

150 2389 269 2455 funere
297 2386 450 2453 laudatus
480 2395 530 2453 est
557 2408 578 2453 a
608 2392 716 2453 Unrolo
742 2391 896 2455 Wenelno
925 2390 1020 2471 luen,
1054 2380 1266 2456 ecclesiarum

151 2493 331 2581 superioris
359 2490 500 2558 Hassiae
528 2490 697 2557 Antistite.
746 2488 822 2571 Qua
842 2488 870 2557 is
899 2490 1046 2559 oratione
1069 2509 1135 2559 non
1158 2480 1266 2557 minus
1358 2482 1361 2491 “

151 2594 335 2661 declaravit
354 2594 504 2659 intimum
520 2594 621 2657 animi
638 2594 689 2657 sui
708 2593 743 2656 in
766 2594 923 2680 optimum
943 2600 1188 2683 praeceptorem
1202 2590 1266 2657 col-

151 2697 326 2785 legamque
340 2718 495 2780 ‚sensum
523 2716 621 2782 quam
640 2703 788 2766 nostrum
808 2699 952 2763 omniurn
972 2698 1040 2765 trim
1061 2696 1130 2767 cari
1150 2697 1266 2783 capitis

154 2821 316 2865 summum
334 2798 542 2865 desiderium.

600 3028 820 3041 m

236 3230 373 3298 Praeter
402 3250 457 3295 eas
487 3228 639 3311 schedas,
668 3248 749 3316 quas
776 3246 876 3315 supra
902 3224 1050 3311 laudavi,
1090 3226 1266 3295 vernacule

152 3335 308 3421 scriptas,
342 3353 418 3395 suas
452 3331 522 3417 ipse
552 3351 604 3393 res
638 3328 846 3415 paucissimis
874 3328 984 3395 verbis
1013 3330 1131 3397 iterum
1158 3329 1268 3413 attigit

157 3441 377 3503 Te'edemnnnns
393 3431 602 3521 cummunus
621 3430 860 3516 Marburgense
880 3430 1001 3514 adiret,
1025 3452 1109 3523 quae
1130 3428 1202 3521 ipsa
1222 3428 1266 3495 le-

151 3546 275 3625 guntur
294 3537 330 3603 in
353 3542 450 3603 Certis·
468 3542 643 3603 Prdnsione
662 3538 691 3597 Ι.
719 3539 757 3598 de
778 3539 920 3601 Potonioe
939 3539 983 3599 nd
1004 3538 1195 3601 Germaniam
1212 3538 1267 3599 hn-

153 3648 223 3707 ln'tn.
245 3678 285 3689 -
314 3638 523 3705 eonferenda
543 3656 672 3725 quoque
693 3645 743 3699 est
767 3640 969 3701 Gndebnscln'e'
986 3634 1192 3701 Bibliotheca
1211 3634 1266 3699 Li·

153 3746 274 3811 vonica
293 3742 392 3809 Parte
416 3740 480 3807 III.
503 3740 579 3807 Oris
607 3738 805 3804 lineamenta
827 3736 959 3805 exhibet
981 3739 1051 3805 aeri
1070 3738 1175 3807 incise
1195 3737 1265 3805 cffi-

152 3848 241 3931 gisa,
266 3866 350 3931 quae
374 3844 489 3909 Novae
516 3840 741 3907 Bibliothecae
768 3840 983 3908 Germanicae
1010 3841 1164 3907 volumen
1188 3861 1266 3928 qua-

153 3947 375 4032 dragesimum
400 3954 509 4030 ornat,
534 3946 645 4011 verius
671 3952 781 4009 tamen
810 3964 864 4027 ea,
898 3967 982 4035 quae
1004 3944 1197 4013 adumbrata
1218 3949 1267 4007 est

152 4050 187 4115 in
209 4054 303 4113 Justn
332 4060 361 4113 et
380 4052 562 4113 Murstnnoe
590 4051 727 4111 Annnten
757 4050 815 4110 der
846 4052 1007 4115 deutschen
1043 4052 1266 4113 Universini'ten.
1372 4098 1375 4109 .

155 4155 305 4231 Morbnrq
323 4151 416 4216 1798.
435 4171 511 4239 pag.
531 4164 620 4213 xx11.
692 4189 697 4197 -
