3167 5192
1198 519 1258 583 175
1285 532 1288 536 ’

156 679 325 746 Seebachii
339 647 583 770 pharmacopoli
600 681 788 748 facultatem
811 683 877 749 sihi
894 704 1083 750 concessam
1097 685 1262 770 gaudebat

153 783 362 849 visendarum
397 785 572 856 herbarum
603 791 867 878 reliquarumque
907 809 1015 852 rerum
1052 787 1291 871 sauronam„
1421 821 1430 844 ι

152 905 232 971 quae
264 885 311 951 ad
344 887 547 955 conficienda
582 891 800 958 medicamina
832 888 1038 956 adhibentur.
1084 887 1157 971 Quo
1172 937 1176 942 ‚
1190 889 1262 976 ipso
1376 890 1380 898 ’

152 995 258 1053 tantum
279 989 331 1054 rei
351 990 658 1060 medicamentariae
673 995 821 1084 adeoque
836 993 991 1080 deinceps
1006 991 1154 1058 medicae
1171 1011 1262 1056 amor

153 1109 220 1154 sese
244 1091 282 1154 in
305 1091 376 1178 ejus
399 1095 542 1160 animum
557 1097 745 1182 insinuavit,
766 1106 803 1164 ut
819 1095 979 1186 quidquid
993 1095 1091 1162 vacui
1104 1093 1262 1179 temporis

153 1203 353 1279 superesset,
372 1193 455 1262 illud
474 1216 578 1284 paene
595 1208 704 1266 totum
726 1199 757 1264 ei
779 1195 1122 1287 studieimpendere't.
1164 1193 1262 1259 Unde

153 1293 273 1362 lactum
296 1304 354 1382 cst,
376 1305 413 1363 ut
433 1298 572 1366 subinde
589 1304 696 1369 acrius
712 1303 936 1390 increparetur
951 1324 972 1366 a
985 1297 1261 1389 praeceptoribus,

153 1400 344 1484 praesertim
378 1397 420 1466 ab
455 1423 511 1486 eo,
543 1405 600 1492 qui
627 1404 782 1470 hebraica
812 1403 973 1470 tradebat.
1027 1402 1118 1484 Quas
1149 1399 1261 1465 literas

153 1498 271 1568 Noster
292 1511 326 1568 et
344 1511 461 1570 nauare
478 1505 678 1592 fastidiebat,
701 1527 808 1595 neque
830 1505 894 1571 sibi
909 1505 1114 1572 necessarias
1126 1502 1261 1569 arbitra·

154 1601 254 1688 bauer,
280 1605 336 1691 qui
357 1605 532 1695 aliquando
553 1610 749 1676 medicinam
770 1609 917 1675 tacturus
936 1618 1033 1681 esset.
1062 1607 1184 1672 Omnia
1197 1605 1262 1670 alia

154 1713 258 1791 pater,
292 1708 349 1794 qui
381 1729 493 1776 sacrae
515 1711 648 1799 linguae
674 1712 861 1798 cognitione
887 1731 967 1798 prae
996 1711 1114 1775 ceteris
1138 1708 1262 1797 pollere
1377 1719 1383 1733 '

154 1805 253 1872 filium
277 1807 387 1896 vellet,
407 1833 504 1902 quem
526 1835 621 1880 sacro
640 1816 768 1880 muneri
790 1815 995 1897 destinasset,
1017 1833 1081 1900 quc
1101 1813 1192 1899 pium
1207 1813 1263 1877 avi
1383 1833 1386 1837 ·

155 1919 263 1977 votum
279 1911 482 1982 redderetur.
527 1916 603 2000 Qua
623 1917 805 1984 stadiorum
825 1916 1047 2002 discrepantia
1067 1915 1191 1979 facturn
1212 1923 1263 1981 est

155 2022 277 2100 postea,
307 2024 343 2081 ut
364 2030 461 2106 quem
481 2029 575 2107 pater
595 2039 654 2107 per
675 2020 862 2086 academiae
880 2015 989 2082 stadia
1007 2019 1042 2082 in
1063 2017 1262 2103 theologiam

156 2117 312 2183 intentum
332 2129 471 2207 putaret,
493 2122 581 2188 idem
598 2127 684 2188 totus
704 2124 738 2187 in
759 2121 924 2186 medicina
944 2128 1045 2204 esset,
1067 2120 1173 2186 donec
1191 2127 1262 2184 tan·

157 2217 226 2284 dem
248 2216 315 2306 ille,
339 2221 396 2288 diu
412 2224 537 2292 frustra
553 2223 741 2309 reluctatus,
760 2223 824 2289 tilii
845 2221 998 2312 precibus
1017 2225 1127 2289 cessit.

235 2321 366 2390 Altiora
385 2327 494 2394 studia
513 2347 689 2416 aggressus
706 2326 828 2393 Noster
848 2335 900 2390 est
917 2326 1136 2423 inacademia
1154 2326 1263 2414 patria
1399 2299 1405 2304 ³
1446 2304 1448 2307 ⁵

157 2425 359 2494 Erfordiensi
386 2429 463 2496 inde
486 2430 529 2496 ab
557 2451 642 2497 auno
672 2435 764 2496 1754.
808 2429 877 2496 Ubi
896 2429 1028 2518 publice
1047 2437 1190 2521 sectatus
1211 2437 1263 2494 est
1333 2520 1336 2523 Ι
1391 2461 1396 2472 ·

156 2531 200 2596 rei
219 2531 367 2598 medicae
389 2540 422 2597 et
440 2531 666 2622 philosophiae
683 2535 834 2600 doctores
854 2533 1071 2620 Adlungium,
1096 2533 1261 2615 lisseium,

157 2634 335 2719 (drantiurn,
357 2636 564 2722 Baumerum,
586 2637 643 2724 qui
659 2636 777 2702 deinde
793 2633 912 2702 (dissue
926 2636 1046 2720 docuit,
1067 2633 1261 2718 Riedelium,

155 2737 373 2826 Kniphofium,
391 2733 567 2824 Nunnium,
586 2737 800 2824 Mangoldum
816 2739 968 2827 denique.
988 2738 1028 2804 In
1043 2737 1162 2824 quibus
1177 2739 1262 2821 huic,

157 2863 249 2929 quem
270 2850 435 2928 postremo
461 2841 533 2907 loco
559 2837 644 2926 dixi,
670 2840 846 2927 plurimum
874 2865 909 2908 se
932 2840 1052 2907 debere
1073 2841 1181 2906 fassus
1203 2849 1268 2923 cst,

157 2944 240 3031 quod
265 2945 353 3010 infra
381 2944 627 3032 explicabimus.
672 2941 825 3010 Privatos
851 2945 1028 3030 magistros
1055 2943 1118 3008 sibi
1147 2943 1264 3009 sumsit

91 3073 92 3078 ¹
156 3045 374 3111 Martinium
365 3063 399 3112 ιιι
418 3049 557 3136 utraque
575 3044 697 3134 lingua,
719 3045 978 3134 Beslerumque'
968 3069 1005 3110 ιιι
1019 3046 1130 3129 latina,
1152 3044 1262 3111 simul

156 3171 225 3236 que,
243 3171 315 3243 quo
329 3151 416 3238 patri
434 3172 557 3216 morsm
578 3156 717 3238 gereret,
739 3151 774 3212 in
795 3147 961 3214 hebraica

237 3251 298 3316 Ibi
319 3275 418 3342 quum
448 3253 616 3320 biennium
643 3251 824 3337 exegisset,
850 3250 934 3316 abiit
954 3249 1074 3316 Halam
1095 3249 1262 3316 Saxonum

157 3355 198 3440 (a.
224 3354 318 3442 1756)
339 3355 583 3445 adhibuitque
573 3377 609 3423 m
633 3352 848 3442 Physiologia
873 3362 906 3418 et
925 3354 1081 3419 universa
1100 3353 1262 3416 Anatome

156 3455 339 3544 Philippum
360 3457 548 3546 Adelphum
561 3457 787 3538 Boehmerum,
801 3453 1030 3521 Eberhardum
1045 3455 1261 3542 Jampertum·
1329 3536 1332 3541 y

157 3581 218 3647 que
238 3560 273 3622 in
294 3558 447 3648 Physica,
467 3561 676 3626 Buchnerum
695 3561 731 3623 in
752 3558 894 3623 Materia
913 3559 1048 3643 medica,
1070 3560 1106 3624 in
1125 3555 1262 3648 Physic-

157 3662 258 3748 logia,
284 3661 479 3750 Pathologia
505 3664 680 3730 Semiotica
708 3661 849 3748 denique
869 3658 1056 3746 Nicolaum,
1083 3663 1141 3750 qui
1158 3655 1263 3749 nuper

157 3763 277 3830 ordinis
309 3765 510 3832 medicorum
540 3766 658 3832 Senior
685 3765 791 3831 lenae
819 3761 911 3829 obiit.
953 3761 995 3827 In
1019 3785 1117 3853 quam
1147 3764 1262 3829 acade-

158 3868 254 3932 miam
271 3865 341 3952 ipse
363 3867 483 3943 Noster
504 3869 668 3955 concessit
688 3889 774 3932 anno
792 3873 869 3954 post
895 3865 1007 3954 (1757)
1034 3867 1146 3957 ibique
1169 3887 1262 3954 prae·

158 3977 299 4056 ceptores
328 3979 458 4036 secutus
484 3981 536 4037 est
562 3969 792 4057 Philosophiae
825 3976 858 4034 et
882 3965 1117 4038 Mathematum
1145 3987 1262 4034 mussa

157 4071 342 4138 Dariesiurn
355 4081 396 4138 et
382 4072 624 4143 tSuccoviuna·
646 4095 694 4138 rer
685 4071 855 4138 medicae
868 4072 976 4158 gratia
985 4069 1156 4140 Faselium
1168 4069 1261 4135 Katt-

158 4171 421 4262 schmidiumqus.

239 4273 336 4341 Unde
363 4278 398 4340 in
424 4272 570 4343 scholam
597 4279 739 4365 patriam
765 4297 918 4344 reversus
945 4276 1104 4344 aBeerio
1122 4238 1263 4365 profecit

159 4377 193 4442 in
213 4375 483 4466 bletaphysieis,
474 4387 670 4467 uterumque
675 4403 696 4445 a
712 4381 904 4446 Boumero
894 4405 930 4445 ιιι
951 4380 1151 4467 Osteologia
1192 4381 1261 4447 Ηιι

159 4481 210 4567 jus
232 4481 328 4546 stiam
345 4475 540 4590 lectionibup
559 4479 699 4569 clinicis,
722 4505 804 4572 quas
823 4492 950 4565 vocant,
971 4475 1261 4560 sedulointerhait.
1335 4553 1339 4563 ,
