3167 5192
1185 533 1243 596 tat

140 703 267 788 fecerit,
288 724 370 794 quos
390 705 547 789 honoros,
570 705 733 794 quomodo
749 701 900 789 gesserit,
922 699 1084 790 quomodo
1106 699 1248 787 denique

139 814 281 871 mortuus
302 809 354 894 sit,
375 807 522 873 breviter
540 807 756 874 narrabimus.
1278 861 1283 874 .

220 909 324 976 Natus
362 919 413 975 est
447 909 568 976 Noster
602 930 689 975 anno
721 908 899 998 superioris
915 955 916 964 κ
932 905 1055 973 saeculi
1085 904 1246 990 vigesimo

139 1019 259 1098 quarto,
280 1011 335 1076 die
345 1013 488 1097 Augusti
500 1014 623 1080 mensis
638 1001 914 1094 duodevicesimo,
930 1009 1123 1079 'Pechentini
1132 1006 1245 1074 Mech-

138 1113 318 1199 lenburgioi
338 1113 478 1183 ducatus
498 1117 582 1199 vico,
599 1123 694 1204 patre
713 1113 887 1179 Genuam
908 1111 1003 1178 verbi
1026 1109 1132 1176 divini
1150 1109 1247 1174 mima

138 1225 216 1302 stro,
236 1225 343 1281 matre
365 1225 474 1282 autem
496 1215 644 1302 Seruis,
663 1217 838 1286 donclmss
860 1213 1127 1280 (interemerat
1149 1211 1245 1278 Dan-

137 1333 230 1383 nann
262 1318 347 1402 filia,
385 1317 645 1406 Goldbergenaie
683 1330 718 1386 et
749 1315 1025 1385 chbertinensis
1058 1316 1246 1382 dioeceseos

139 1421 334 1508 Praepositi,
367 1441 453 1508 quae
484 1431 559 1510 post
588 1422 699 1490 mariti
730 1420 855 1487 obimm
882 1420 1017 1486 Joanru
1045 1419 1256 1508 anasrco,

138 1523 274 1611 Aemo
296 1523 387 1588 illius
410 1527 592 1591 successori
613 1524 734 1612 nupsit
767 1521 842 1604 Quo
863 1523 935 1588 viro
949 1524 986 1587 in
999 1522 1246 1609 disciplinarum

138 1625 234 1690 initiis
267 1627 373 1713 primo
399 1630 558 1715 magistro
584 1647 663 1696 usus
696 1634 757 1691 eat.
807 1625 940 1696 Deinde
972 1645 1046 1691 cum
1076 1627 1112 1690 in
1145 1623 1246 1693 eold-

139 1724 288 1812 bergensi
302 1725 450 1816 quodam
471 1729 549 1796 ludo
568 1729 746 1795 triennium
767 1731 950 1816 exegisset,
974 1729 1095 1794 missus
1115 1735 1148 1791 et
1167 1726 1246 1793 Par·

139 1826 294 1913 chimum,
333 1831 433 1920 inque
465 1830 675 1922 disciplinam
707 1830 974 1918 Brandenlturgii
1009 1831 1081 1918 ejus
1115 1829 1248 1896 scholae

137 1929 304 2017 Rectoris,
331 1941 365 1998 et
389 1932 618 2024 Gnldenacplii
641 1934 860 2001 Oonroctoris.
906 1933 994 1998 Hinc
1015 1936 1050 1999 in
1072 1935 1248 2000 Suerinem

92 2032 93 2083 1
138 2055 200 2099 sem
225 2033 373 2100 scholam
399 2035 557 2102 dimisum
580 2059 641 2126 per
660 2035 912 2125 quadriennium
931 2037 967 2102 in
989 2037 1120 2126 optimis
1140 2035 1246 2102 literis

137 2134 225 2219 vixit,
252 2136 364 2201 studia
382 2139 572 2206 moderante
586 2138 747 2223 Maerkio,
770 2141 827 2227 qui
847 2150 926 2206 tima
948 2141 979 2206 ei
1002 2138 1132 2206 scholae
1153 2158 1247 2228 prae-

138 2246 211 2322 erat,
233 2236 405 2328 ipsiusque
425 2243 461 2308 in
480 2241 629 2310 docendo
644 2241 774 2330 collega
791 2239 927 2309 Dihnio.
1059 2264 1062 2272 ’

216 2339 304 2406 Cum
323 2342 409 2410 bene
429 2355 576 2414 maturus
601 2345 773 2414 altioribus
796 2343 954 2410 doctrinis
972 2323 1154 2427 viderelur,
1182 2343 1250 2408 Ro·-

137 2443 311 2510 stochiensi
331 2447 529 2516 Academiae
552 2471 671 2516 nomen
695 2449 787 2516 dedit
809 2469 895 2518 anno
914 2461 1137 2514 moreccxnn.
1181 2445 1249 2513 Hic

135 2543 361 2614 hireneum
392 2551 592 2618 Aneltawn
627 2549 795 2617 Anemuri
836 2552 1005 2640 egregium
1039 2551 1244 2638 theologum

136 2658 276 2716 sectatus
298 2649 527 2740 Theologiam,
549 2677 646 2746 quam
669 2655 797 2739 dicunt,
821 2653 1055 2742 dogmaticam,
1075 2663 1144 2720 tum
1165 2675 1250 2720 vero

136 2752 229 2816 etiarn
258 2756 415 2822 moralem
444 2766 478 2823 et
504 2757 661 2824 biblicam
687 2759 814 2824 didicit.
858 2757 1090 2846 Philosophiae
1116 2768 1148 2824 et
1169 2757 1249 2823 Ele

136 2856 286 2940 quentiae
310 2856 443 2926 doctore
461 2883 543 2928 usus
561 2870 625 2928 estr
645 2862 811 2928 Axonam
833 2863 975 2930 Josnnn
994 2863 1158 2927 Dmmm
1176 2863 1247 2926 Aa·
1298 2950 1301 2959 Ι

135 2973 226 3042 rino,
251 2959 305 3024 cni
325 2961 501 3048 plurimum
521 2985 558 3029 se
577 2965 701 3031 debere
720 2975 833 3052 maura
855 2967 1002 3056 profiteri
1019 2963 1155 3032 solebat.
1172 2963 1244 3055 ¹lda-
1307 2975 1309 2985 ’

135 3059 331 3126 thematioen
351 3074 384 3129 et
402 3065 567 3154 Physicen
588 3067 671 3133 duce
683 3067 853 3134 Eamne
877 3069 1023 3156 arripuit,
1046 3067 1182 3131 Pastore
1202 3061 1250 3130 ad-

136 3163 249 3233 sedem
263 3163 380 3231 Jacobi
397 3168 563 3256 primario.
594 3169 760 3240 Bnaamn
777 3173 882 3238 audiit
898 3172 988 3238 duris
1002 3178 1138 3234 natmae
1153 3186 1246 3255 prse-

135 3276 228 3354 cepta
255 3267 449 3337 tradentem.
502 3270 549 3336 Ut
579 3271 641 3338 Jus
671 3275 853 3360 publicum,
884 3273 1018 3361 Imperii
1046 3269 1244 3352 Germanici,

135 3368 276 3459 itemque
305 3370 507 3438 (laconicum
538 3374 694 3460 disceret,
731 3377 882 3445 adhibuit
919 3377 1081 3444 loannem
1111 3373 1245 3438 Petrum

135 3470 377 3560 Sonmmnmsr,
407 3465 773 3565 cuccumellum,
804 3501 901 3570 quam
926 3476 1115 3568 impensiori
1136 3475 1244 3542 studio

94 3576 95 3671 Q
135 3576 337 3642 tractandam
356 3577 420 3644 sibi
440 3581 619 3666 sumsisset,
641 3586 799 3669 magistro
816 3605 896 3650 usus
915 3593 974 3650 est.
1006 3582 1133 3646 Exacto
1146 3581 1249 3644 trien-

135 3680 186 3746 nio
207 3679 440 3748 Stralsnndum
459 3687 622 3752 concessit
634 3686 802 3753 Rehfeldii
815 3686 981 3754 Praesulis
1003 3683 1114 3750 liberis
1129 3705 1244 3769 regen-

136 3781 182 3848 dis
199 3784 452 3874 praeficiendus.
500 3787 531 3850 E
551 3787 671 3876 quibus
691 3810 829 3877 puerum
854 3790 1057 3856 surdastrum
1078 3788 1132 3854 cui
1152 3790 1245 3854 vocis

135 3904 210 3952 usus
232 3887 409 3974 impeditus
427 3898 506 3973 erat,
527 3890 715 3958 incredibili
731 3913 832 3980 opera
847 3913 886 3958 eo
903 3893 1052 3977 instituit,
1074 3899 1111 3958 ut
1124 3901 1244 3980 posset,

136 3989 294 4077 quidquid
313 3991 499 4076 cogitasset,
521 3992 683 4080 explicate
702 3995 822 4083 eloqui.

218 4090 328 4174 Quam
358 4095 562 4181 provinciam
597 4116 671 4162 cum
703 4097 905 4186 aliquamdiu
936 4095 1077 4163 fideliter
1108 4097 1246 4162 admini-

137 4199 288 4279 strasset,
318 4195 442 4263 lactum
469 4205 521 4262 est
543 4206 580 4262 nt
608 4196 862 4268 demandaretur
886 4202 916 4266 ei
947 4221 1026 4266 cura
1047 4197 1249 4278 erudiendae

136 4298 257 4364 subolis
284 4299 381 4365 liberi
408 4301 550 4366 Baronis
576 4321 597 4365 a
624 4299 901 4387 Sonwwflnnnn,
929 4304 985 4391 qui
1004 4311 1087 4368 tunc*
1102 4292 1250 4389 Magnae

136 4390 326 4466 Britanniae
351 4405 455 4490 regis,
488 4403 576 4492 quod
598 4402 818 4472 Hannorerae
847 4415 897 4472 est
926 4407 1093 4472 interioris
1116 4406 1249 4472 consilii

137 4513 212 4588 arat,
232 4505 297 4582 cui*
306 4504 426 4571 Noster
446 4504 651 4573 libello-tunc
672 4509 828 4594 temporis
851 4529 924 4574 ase
944 4508 1032 4572 edito
1047 4508 1250 4574 innotuerat.=

989 4609 1008 4669 9
1019 4612 1035 4654 s
