3167 5192
426 662 430 670 ·
538 615 888 730 'ossuum

171 781 416 848 morsurus
444 797 492 846 nr.
525 781 641 849 Fero
674 798 834 861 russeus
863 795 1279 880 nnvrorssmunrsn

214 891 218 903 ’
258 899 405 951 susum
432 899 641 951 meramors
661 899 835 962 ousnnsu
858 899 926 949 ens
947 882 1195 952 Hanacmrr

380 1003 566 1066 mmoums
593 1003 790 1065 murosque
812 983 1075 1055 Sro1coauu.

259 1173 381 1240 Notum
400 1184 465 1260 est,
487 1177 557 1245 vim
575 1176 686 1241 omnia
703 1177 846 1242 tenentis
874 1175 936 1242 leti
956 1196 1023 1241 non
1044 1167 1148 1242 solunl
1166 1197 1187 1240 a
1203 1182 1280 1262 pot·

170 1279 216 1343 tis
246 1277 350 1344 fuisse
376 1277 591 1368 declaratam,
616 1300 754 1367 quorum
784 1278 903 1366 grandi
930 1279 1073 1343 carmine
1086 1277 1281 1344 -Attioorum
1373 1317 1377 1342 .

170 1380 304 1447 theatra
320 1381 533 1466 resonabant,
555 1381 617 1448 scu
631 1403 694 1446 nec
713 1381 822 1448 minus
843 1381 1033 1468 apparuisse
1053 1401 1112 1466 per
1133 1379 1280 1446 historia
1301 1435 1303 1444 .

169 1505 248 1548 rum
272 1493 484 1550 monumenta
509 1507 618 1551 rerum
645 1493 811 1571 gestarum
838 1492 1093 1570 eventorumque
1119 1481 1282 1547 vicissitu-

170 1584 270 1668 dine,
300 1594 334 1650 et
357 1607 438 1652 vere
462 1587 560 1652 etiam
581 1585 740 1657 latissime
760 1589 906 1675 patuisse
927 1605 986 1672 per
1006 1583 1283 1650 nobilissimorum

170 1687 275 1754 effata
304 1687 581 1776 philosophorum.
631 1688 734 1755 Stoici
759 1691 935 1778 praecipue
968 1709 1007 1753 ea
1035 1689 1070 1752 in
1096 1707 1133 1752 re
1168 1687 1282 1753 confir·

171 1791 299 1858 mandi
324 1790 584 1879 illustrandtque
605 1791 825 1858 elaborarunt.
870 1789 936 1872 Qui
960 1789 1092 1878 quidem
1113 1789 1198 1852 sieut
1218 1785 1283 1852 alia

170 1893 344 1968 multaita
362 1897 551 1962 universam
572 1895 642 1960 fere
658 1892 900 1980 physiologiam
921 1901 1018 1978 atque
1038 1889 1121 1956 illud
1141 1891 1283 1955 maxime

171 1996 217 2062 de
241 1995 327 2060 lato
347 1996 503 2084 placitum
520 1998 686 2063 duxerunt
705 1995 748 2061 ab
766 1993 1028 2080 Heraclit0*).
1072 1993 1170 2060 Unde
1190 1991 1283 2058 intel-

170 2098 306 2184 ligitur,
328 2099 513 2187 quiounqne
529 2098 611 2166 velit
628 2097 718 2163 illius
731 2099 913 2176 sententiae
934 2096 1176 2184 simplicissima
1190 2095 1284 2160 initis
1336 2124 1338 2132 ¹

171 2222 391 2287 cognoscere,
413 2210 511 2289 prout
530 2202 727 2289 caprimum
747 2223 821 2267 sese
839 2200 1015 2266 excluserit
1032 2199 1126 2286 quasi
1149 2207 1181 2262 et
1194 2197 1283 2286 paul·

171 2303 269 2368 latim
296 2305 453 2388 creverit,
481 2305 512 2369 ei
537 2302 724 2370 faciendum
752 2325 840 2388 esse,
868 2310 904 2368 ut
922 2299 1111 2367 Heraclitea
1138 2301 1283 2389 ipsa'co·

171 2414 325 2493 gnoscat.
1061 2481 1064 2490 Ι

263 2509 366 2597 Atqui
393 2530 468 2574 cum
493 2506 593 2595 hujus
620 2505 705 2572 liber
711 2555 721 2589 ,
755 2508 812 2594 qui
841 2506 1062 2574 nobilissimus
1093 2515 1175 2591 erat,
1208 2503 1285 2591 aspi
1319 2570 1321 2578 .

172 2607 315 2697 φύσεως
342 2611 467 2698 injurio
491 2609 649 2698 temporis
669 2609 821 2696 perierit,
850 2610 993 2675 eruenda
1011 2609 1082 2696 ejus
1099 2607 1285 2702 philosophi

173 2715 340 2782 sententia
362 2721 475 2779 estex
494 2711 583 2778 illins
603 2711 809 2797 fragmentis,
833 2735 915 2800 quae
935 2711 1024 2778 haud
1043 2711 1204 2799 pauca**)
1226 2733 1286 2800 per

86 2798 87 2837 l
171 2825 326 2884 veterum
346 2815 449 2881 libros
470 2813 610 2901 disjecta
630 2823 813 2880 servantur.
859 2813 951 2896 Quae
971 2816 1160 2902 priusquam
1183 2813 1285 2901 expli-

173 2942 254 2986 care
274 2919 441 3002 instituas,
460 2937 596 2983 neeesse
618 2925 669 2982 est
689 2917 885 3004 colligantur
901 2917 1054 3006 undique,
1073 2915 1286 3006 disponantur

177 3208 183 3222 .
247 3143 274 3213 ⁸)
298 3146 469 3198 Zenonem
492 3143 569 3198 illum
594 3145 712 3196 Citieum
733 3137 932 3211 μετεσχηκέναι
955 3141 1012 3194 τοῖν
1036 3137 1127 3210 λόγων
1144 3133 1286 3220 ‘liquatu-

173 3229 263 3284 velow
279 3237 398 3285 testatur
415 3234 592 3286 Eusebius
608 3233 769 3300 Praeparat.
786 3233 922 3300 Evangel.
940 3233 1000 3286 XV.
1023 3249 1087 3300 pag.
1104 3231 1212 3285 met
1228 3223 1300 3297 plis·¹

173 3321 241 3376 rimi
256 3326 379 3372 veterum
398 3320 453 3372 loci
475 3319 644 3373 confirmant.
681 3321 718 3371 ci.
737 3337 765 3374 v.
789 3337 814 3372 c.
834 3320 1082 3374 censorin-<le
1100 3320 1156 3370 dis
1173 3309 1286 3370 hatali

174 3409 248 3474 Cap.
265 3407 354 3460 XVII.
371 3399 436 3477 pag.
456 3409 482 3460 1.
505 3409 553 3460 nbi
568 3408 755 3460 Heracliteam
771 3410 936 3462 sententiam
955 3408 988 3460 tle
1006 3413 1129 3462 estate
1140 3407 1287 3458 humans

174 3497 206 3546 in
226 3511 282 3547 rem
299 3512 377 3548 snam
395 3495 552 3547 adhibuisse
568 3498 642 3547 Zeno
660 3496 830 3562 intelligitur.
854 3499 897 3550 De
913 3498 1042 3550 universa
1059 3497 1212 3551 Stoicorum
1221 3495 1287 3562 phy·

174 3581 295 3650 siologia
311 3585 345 3634 ab
361 3583 502 3634 Heraclito
520 3583 645 3635 desumta
662 3584 845 3634 memorabilis
865 3589 906 3636 est
922 3583 998 3636 locus
1018 3585 1209 3636 Clementis
1227 3581 1311 3636 Alc.

174 3670 305 3721 xandrini
322 3671 423 3724 Strom.
441 3671 475 3725 V.
501 3687 565 3738 pag.
583 3671 767 3724 712.1³0tter.

250 3754 295 3824 1”)
314 3757 360 3809 Sic
376 3759 468 3809 verius
485 3759 692 3824 pronuntiatum
710 3758 836 3822 arbitror,
855 3771 936 3824 quam
953 3758 987 3809 ab
1005 3755 1168 3810 Harlesio
1186 3751 1288 3806 factum

176 3848 239 3906 est,
255 3844 304 3910 qui
318 3859 409 3910 pauca
430 3851 539 3898 tantem
560 3845 666 3913 reliqua
685 3845 751 3896 dicit
767 3841 874 3898 introd.
892 3846 922 3896 in'
936 3845 1003 3898 hist.
1025 3846 1093 3912 ling.
1112 3861 1153 3912 gr.
1176 3843 1200 3894 1.
1224 3857 1287 3910 pag.
1329 3827 1334 3838 κ
1377 3853 1382 3868 “

176 3932 241 3984 255.
277 3931 432 3998 Stephanus
450 3933 565 4001 ,quidem
589 3935 619 3985 in
642 3935 742 4000 poisi
764 3933 1012 4000 philosophica
1032 3933 1106 3986 credi
1128 3934 1175 3984 vix
1198 3936 1289 3999 potest

177 4023 245 4085 quot
256 4019 403 4086 qualiaque
413 4021 545 4072 omiserit.
573 4021 705 4074 Sedhsec
721 4022 869 4074 munitiora
879 4027 1022 4088 ponentur,
1041 4023 1089 4074 uhi
1106 4022 1225 4074 fortasse
1241 4019 1288 4075 ali·

87 4130 88 4137 .
178 4106 289 4172 quando
312 4107 379 4158 mihi
401 4108 560 4175 contigerit,
583 4109 725 4162 Heraclito
750 4109 864 4162 eandem
888 4127 997 4177 operam
1023 4115 1177 4178 praestare,
1209 4123 1289 4174 quam

87 4236 88 4241 ,
177 4209 266 4260 nuper
284 4195 445 4261 Empedocli
463 4197 601 4262 praestitit
620 4197 844 4263 diligentissimus
863 4198 1035 4250 Stnrzius.
1072 4200 1111 4250 Ac
1123 4212 1201 4248 nemo
1214 4196 1289 4262 igno-

178 4287 237 4347 rat,
264 4288 434 4350 quantopere
456 4281 649 4352 antiquissima
675 4285 787 4336 Ionicae
812 4285 1002 4353 philosophiae
1026 4288 1200 4336 monumenta
1227 4298 1289 4334 con·

178 4375 279 4436 grum
300 4371 489 4437 historiarum,
513 4373 663 4438 Hecataei,
687 4372 817 4438 aliorum,
842 4374 1010 4439 primordiis,
1036 4389 1096 4424 cum
1120 4375 1288 4436 argumento,

179 4462 238 4508 tum
254 4473 319 4510 rere
334 4459 452 4512 maxime
470 4475 570 4526 prosse
586 4461 726 4514 muntia
740 4457 840 4512 indole
