3167 5192
136 648 224 731 ovele
243 652 296 731 ἐςι
323 645 486 738 Moneo
506 649 649 738 peltaru-
662 645 690 722 d
709 653 792 739 pira
818 651 871 719 tat
896 649 1069 743 Ταινάρῳ,
1097 651 1152 720 tut
1172 655 1249 721 tet·

138 766 243 839 φτνος
261 749 372 820 ἐπὸν
389 747 584 840 ἅνθρωπος.

227 856 299 922 Iam
330 879 409 923 vero
441 867 478 924 ut
516 859 557 923 de
586 859 688 924 totius
728 857 869 924 fabellae
920 858 1030 926 indole
1070 858 1250 944 videamus,

138 961 238 1048 plura
265 961 418 1046 exputari
442 969 596 1048 possunt,
625 960 743 1050 quibus
769 961 852 1026 haee
869 960 934 1026 sibi
953 961 1111 1027 enodasse
1131 959 1251 1048 aliquis

139 1062 370 1149 erediderit*).
422 1061 573 1128 Oeourrlt
600 1063 716 1128 similis
742 1065 777 1128 in
799 1065 901 1130 saeris
923 1065 1068 1131 historiis
1089 1061 1188 1128 obvia
1209 1063 1251 1128 de

138 1165 230 1230 lond
249 1173 328 1229 vate
351 1167 509 1249 narratio,
526 1185 625 1252 quam
643 1187 749 1253 nuper
762 1167 806 1233 a'd
826 1167 942 1232 somnii
964 1165 1142 1235 ludibrium
1164 1167 1250 1254 quis·

139 1289 241 1356 quam
260 1289 329 1332 non
350 1265 512 1332 dubitavit
532 1287 697 1334 rovocare.

227 1370 373 1434 Diversa
399 1370 483 1434 ratio
510 1368 724 1458 Laroheriffi')
755 1379 819 1454 est,
847 1372 903 1458 qui
930 1393 951 1434 a
975 1369 1070 1434 navis
1093 1362 1252 1457 Dolpllini

138 1475 240 1560 signo
269 1481 402 1538 ornatae
430 1473 539 1558 speeie
566 1471 746 1536 Herodotei
779 1471 884 1560 mythi
911 1473 1072 1558 originem
1099 1477 1251 1560 {repeten-

139 1577 219 1642 dam
245 1595 318 1640 esse
345 1575 537 1662 suipioatur.
590 1571 664 1655 Quo
694 1575 767 1662 ipso
786 1584 823 1639 ut
850 1597 916 1640 non
942 1575 1066 1640 infitior
1084 1575 1156 1641 tolli
1178 1599 1252 1644 oon·

138 1681 249 1762 tinuo,
281 1697 379 1764 quae,
409 1677 486 1764 quia
514 1677 603 1742 orodi
626 1687 807 1764 nequeunt,
836 1678 960 1766 legenti
981 1676 1164 1746 molestiam
1185 1700 1253 1744 ors·
1346 1678 1355 1686 ”

140 1792 214 1848 ant:
234 1783 282 1847 ita
303 1779 525 1846 deotissimum
547 1779 655 1844 virum
672 1778 773 1844 nolim
795 1801 835 1844 ea
856 1781 1056 1868 amplexum,
1089 1802 1173 1868 quae
1193 1782 1254 1846 Pa

139 1886 294 1974 laephato
317 1882 427 1972 potius
455 1889 488 1944 et
516 1881 634 1969 cuique
662 1881 759 1969 hujus
790 1881 931 1949 hominis
965 1883 1131 1950 simillimo
1158 1882 1255 1949 relin-

141 1989 275 2080 quenda
295 1987 495 2053 viderentur.

230 2091 297 2156 Sed
321 2109 383 2175 age
411 2083 619 2172 experiamur
643 2101 686 2150 an
716 2087 781 2152 alia
809 2087 894 2154 forte
918 2087 974 2151 via
996 2086 1038 2151 ad
1060 2090 1256 2156 narrationis

141 2193 289 2262 indolem
309 2177 571 2280 perspioiendsm
594 2190 760 2274 perveniri
782 2191 896 2277 possit.

229 2300 374 2378 Delphini
397 2291 494 2356 dorso
520 2297 638 2370 poetam
672 2299 803 2358 ventum
832 2299 1061 2379 servatumque
1087 2291 1259 2378 praedicat

141 2401 267 2466 fabula.
312 2397 376 2462 Est
396 2393 478 2458 haee
498 2393 629 2480 quidem
651 2395 709 2460 illa
727 2394 853 2478 bellua,
877 2381 1183 2480 eujusmiramui)
1205 2417 1256 2462 oe

143 2505 320 2586 lenitatem,
349 2496 632 2564 mansuetudinem
660 2497 799 2583 ingenii,
829 2496 1030 2585 singularem
1051 2498 1087 2564 in
1108 2496 1256 2564 homines

143 2627 304 2687 amorem,
338 2610 545 2689 ceterasque,
581 2599 668 2686 quod
699 2604 819 2667 Solinus
849 2601 911 2684 ait,
941 2599 1091 2665 miraculi
1122 2621 1254 2666 oaussas

144 2705 378 2789 multiformes,
405 2712 474 2768 tum
500 2708 616 2790 podiae
642 2711 772 2768 veteres
800 2705 948 2770 certatim
976 2701 1158 2787 celebrant,
1186 2713 1255 2768 tum

146 2833 223 2878 vero
244 2811 315 2898 ipse
338 2827 479 2873 summus
501 2805 557 2870 ille
581 2813 716 2870 naturae
735 2805 909 2893 indagator
922 2806 1128 2872 Aristoteles.
1156 2807 1255 2871 Pueri

147 2913 319 3002 praecipue
340 2909 426 3002 apud
447 2907 583 2976 Veteres
604 2909 726 2998 passim
749 2907 801 2974 his
821 2907 941 2974 belluis
963 2907 1074 2975 dilecti
1095 2909 1254 2976 feruntur.

147 2997 366 3102 Peruulgatus
395 3011 541 3102 delphini
569 3011 603 3075 in
634 3009 706 3076 Jasi
735 3009 853 3076 Cariae
877 3011 968 3076 urbis
997 3033 1135 3098 puerum
1155 3033 1255 3095 amor,

148 3129 275 3208 praeter
297 3126 438 3200 ceteros,
459 3119 610 3182 Atloenaeo
631 3122 830 3183 memoratus
850 3113 951 3185 Libro
965 3113 1064 3180 XIII.
1083 3115 1165 3199 Pag.
1181 3115 1254 3180 300.

215 3329 243 3397 *)
263 3330 326 3380 Non
341 3329 439 3393 repeto
457 3339 527 3391 quae
544 3329 641 3391 postes
658 3325 773 3390 adposui
790 3325 826 3376 ad
842 3324 932 3376 loourn
949 3323 1084 3376 Herodoti
1095 3323 1164 3375 ‘Vol
1183 3324 1206 3376 1.
1226 3341 1253 3391 p.

150 3415 273 3470 50-02.
297 3415 339 3466 ed.
358 3414 457 3466 Baehr.
482 3417 510 3464 et
527 3414 571 3464 Or.
599 3427 650 3464 noo
673 3414 760 3479 magio
784 3412 855 3479 quoe
876 3411 911 3463 de
927 3412 979 3462 ino
1001 3411 1096 3462 sabuli
1117 3412 1257 3478 disputavi

151 3507 177 3555 in
195 3503 350 3571 Symboliod
368 3507 396 3554 ot
410 3499 580 3567 Mytlrologid
596 3501 672 3552 Part.
689 3501 742 3552 ΙΙΙ.
760 3517 787 3567 p.
808 3497 965 3552 rot-273„
986 3498 1029 3551 sd.
1047 3504 1111 3550 tert.

219 3588 262 3658 **)
280 3589 367 3642 itotes
382 3601 430 3639 sur
445 3587 547 3640 Herod.
565 3589 649 3640 Tome
667 3589 690 3640 I.
707 3591 775 3654 Peg.
796 3589 855 3640 212.
876 3584 1003 3638 nouvelle
1019 3583 1062 3636 ed.
1081 3585 1167 3637 Miror
1184 3588 1257 3653 eqni·

153 3681 256 3732 demin
275 3695 352 3730 suam
376 3693 432 3726 rem
454 3692 508 3727 non
530 3676 680 3727 adhibitum
701 3691 761 3727 esse
778 3674 962 3726 eruditissimo
980 3671 1257 3726 apotelesmata

152 3767 264 3820 naribus
281 3755 503 3830 dsipwopo'pose
522 3766 632 3830 copiose
650 3765 833 3830 disputantem
850 3761 886 3812 ad
906 3759 988 3810 Setini
1003 3758 1168 3826 Polyhistor.
1187 3763 1257 3829 Peg.

152 3857 201 3908 402
218 3869 276 3920 seq.
296 3853 338 3904 ed.
358 3850 479 3916 'I'rsjoot
1246 3905 1248 3909 ι

219 3939 279 4007 w)
297 3937 437 4003 reprom
453 3937 558 4002 repra
575 3935 690 3988 ninum
707 3937 764 3988 vio.
783 3933 952 3988 amatae
969 3921 1188 3986 nmrouou'ssr
1203 3936 1258 3986 na

153 4027 351 4094 turgesohiohte
375 4025 522 4093 Psgslid.
562 4025 687 4090 Longum
715 4030 756 4075 est
783 4023 877 4074 omnio
904 4037 1059 4087 expromere
1080 4035 1258 4089 quaeeunque

154 4117 203 4178 hae
229 4115 257 4164 in
275 4129 305 4164 ro
326 4113 392 4164 lusit
411 4115 570 4180 antiquitas.
607 4113 649 4162 De
667 4111 796 4180 Delphini
813 4110 952 4162 eeleritate
976 4109 1087 4160 Pindaro
1112 4111 1189 4162 loeus
1215 4116 1258 4161 est

154 4202 230 4267 Pyth.
249 4193 370 4253 lla-oe.
390 4198 437 4250 oiri
454 4201 490 4252 ei.
510 4197 655 4254 Boholiast.
674 4197 744 4250 adde
761 4199 873 4250 Pinmri
881 4195 1048 4261 Fragmenta
1066 4199 1172 4250 Incerto
1188 4199 1275 4263 Peg.-

156 4289 211 4340 100.
232 4287 274 4339 od.
293 4288 405 4354 Heynii.
422 4298 458 4328 -έ-
473 4281 676 4338 Aristotelicum
696 4286 777 4351 th'us
795 4285 901 4338 bestiae
923 4285 1130 4350 descriptionem
1148 4283 1258 4336 exbibet

154 4373 293 4426 Sotrzeider'
306 4375 334 4425 in
344 4373 464 4440 notens
480 4373 601 4440 physion
618 4375 686 4441 Peg.
696 4375 739 4426 41.
758 4373 795 4427 ol.
816 4371 947 4439 Eiusdem
962 4373 1171 4438 Anmerkungen
1188 4372 1257 4438 Peg.

154 4461 185 4514 36
202 4477 257 4528 seq.
290 4465 301 4476 '
923 4465 934 4494 ⁸
