3167 5192
226 559 230 576 .
328 515 393 584 111

327 711 348 758 t
369 687 463 757 vobis
486 693 726 776 orspsesmns,
739 719 743 728 ·
755 705 796 752 ee
816 687 967 753 mitono
988 695 1023 754 et
1039 682 1242 772 conditione,
1267 707 1339 777 qus.
1358 685 1454 753 eodi-

309 811 382 860 ¹ces
403 791 534 858 alteros.
567 811 643 856 nem
664 789 755 856 boris
777 787 962 856 subsecivis
981 790 1202 858 recensendus
1222 789 1304 856 mibi
1324 799 1451 856 :notor

325 899 415 986 ipse;
443 901 480 960 ut
498 901 602 976 tomo,
621 893 678 981 qui
699 913 785 958 nunc
804 891 865 958 snb
883 892 976 981 prelo
996 903 1048 959 ost
1069 901 1102 961 et
1120 893 1215 960 brevi
1235 895 1346 982 spatio
1370 892 1451 959 Deo

321 1000 461 1088 juvante
491 995 696 1080 absolvetur,
724 994 852 1084 ubsque
880 1015 972 1062 more
997 987 1161 1064 suecedet.
1211 996 1452 1064 Herodianum

164 1093 169 1100 ’
203 1129 213 1142 ·
326 1103 404 1192 quis
422 1123 488 1169 non
508 1099 646 1184 bebetis,
668 1119 764 1191 quom
784 1099 980 1187 quaerimus,
1000 1103 1170 1188 requirere
1188 1099 1313 1184 desino,
1338 1101 1450 1183 otiis,

327 1225 412 1293 quoe
431 1203 572 1270 inveniri
592 1207 776 1290 potuerunt,
798 1209 900 1267 uton-
925 1201 1033 1288 Lipsii
1053 1201 1194 1268 Politice
1215 1201 1450 1268 Commelinus

326 1315 438 1374 noster
459 1306 604 1373 seorsim.
613 1302 676 1370 tibi
696 1301 833 1368 reddet.-
846 1304 878 1375 ei
895 1303 983 1368 onim
1005 1305 1151 1374 Plemini
1168 1307 1316 1371 minister
1337 1306 1451 1372 tradi-

326 1411 389 1478 dit:
412 1419 510 1499 etque
531 1411 602 1497 ipee
623 1416 657 1472 te
672 1407 840 1494 recepisse
860 1405 1049 1474 affirmavit.
1084 1406 1288 1493 Schoenon)
1307 1412 1451 1475 oermen‘

325 1522 417 1580 tuum
438 1531 594 1601 praesens
609 1510 775 1600 praesenti
791 1507 938 1575 reddidi:
960 1520 997 1576 ut
1012 1512 1084 1600 ipse
1098 1533 1158 1600 per
1170 1511 1282 1577 litores
1297 1512 1448 1578 fortusse

324 1615 386 1682 tibi
405 1612 613 1700 significavit.
659 1611 876 1678 Cassiodorus
896 1632 933 1680 se
952 1613 1027 1679 eliis
1054 1614 1227 1704 hueusque
1245 1623 1446 1703 occupatum

325 1737 434 1784 muns
462 1703 677 1782 intermisisse
704 1715 760 1780 eit.
806 1713 1008 1806 Simulatque
1028 1739 1109 1784 vero
1129 1740 1189 1806 per
1209 1719 1344 1805 negotia
1365 1739 1446 1782 con-

224 1819 230 1840 *
325 1822 404 1888 dere
429 1819 525 1908 plura
553 1817 697 1902 licuerit,
725 1817 901 1883 missurum
918 1818 1094 1908 pollicetur
1111 1819 1260 1888 libenter.
1304 1816 1445 1885 Praeto-

324 1921 438 2010 rius”)
462 1941 676 2010 magno-cum
699 1917 865 1987 desiderio
885 1939 1078 2011 responsum
1095 1921 1208 1992 obsto
1222 1922 1443 2012 exspectavit,

324 2109 413 2116 .-.-.-
441 2109 489 2114 --

394 2217 577 2287 encaenias
595 2217 747 2284 Schegkius
765 2216 885 2287 (Degeu)
903 2220 1005 2286 minor,
1021 2221 1135 2288 mrJoris
1151 2239 1250 2290 nepos,
1268 2222 1443 2292 Philologus,

324 2306 403 2373 enjus
426 2307 655 2360 Observationum
680 2311 708 2357 et
731 2306 959 2359 Emendationnm
980 2309 1143 2361 Prssmesss
1164 2311 1341 2362 Etoncciurti
1363 2311 1443 2362 edite

326 2393 404 2448 1696.
422 2392 511 2448 denus
525 2393 657 2447 Gruterus
674 2393 704 2447 in
722 2394 863 2461 Lampede
879 2409 931 2446 sss
947 2395 1064 2460 critice,
1081 2395 1160 2449 Tom.
1178 2395 1230 2450 ivs
1244 2399 1366 2464 repetiit.

394 2482 440 2549 22)
457 2481 573 2534 Videtur
588 2497 651 2534 esse
666 2482 870 2534 Bernordns
886 2483 1124 2546 Praetorius..
1139 2483 1248 2538 Husne
1260 2481 1442 2540 9111611111-

325 2576 371 2625 tus
388 2567 629 2637 idemquepotto,
648 2567 681 2622 de
699 2585 752 2636 quo
770 2569 827 2622 rid.
844 2565 963 2634 ,loscher
979 2569 1033 2637 m.
1050 2585 1080 2636 p.
1099 2569 1177 2625 1145.
1240 2619 1243 2623 .
1378 2629 1383 2636 ,

394 2655 633 2722 Cassiodorus
652 2655 686 2708 de
702 2657 799 2722 Reyns
815 2657 874 2708 sive
891 2657 1003 2710 Reinius
1027 2657 1118 2709 senior
1134 2647 1275 2730 Hispanus
1291 2659 1439 2728 Hispoien·

326 2746 379 2810 sis,
397 2744 465 2796 civis
482 2743 736 2806 Fruncciurtensis,
757 2743 841 2796 Verbi
859 2742 945 2794 divini
967 2731 1295 2810 intorpres'doetissimue
1314 2750 1342 2797 et
1359 2747 1439 2796 mini·

325 2838 381 2884 ster
399 2831 472 2899 apud
489 2823 609 2897 Anglos',
633 2827 748 2896 Belgas,
775 2829 924 2882 Germunm
943 2830 1198 2897 eloquentissimus,
1216 2819 1392 2907 Francufurti
1411 2838 1439 2884 ot

325 2925 408 2972 untes
425 2931 572 2984 „manuum
590 2916 698 2983 opificio
718 2915 803 2983 (quod
819 2919 879 2983 ipso
896 2915 932 2968 cd
948 2918 1083 2970 Joeuuem
1095 2918 1244 2972 eternium
1260 2919 1377 2970 irrfontis
1395 2921 1438 2971 sui

324 3011 510 3074 susceptorem
533 3003 653 3072 scripsit)
678 3009 706 3056 et
731 3003 868 3055 industrie
884 3002 978 3056 rixit“
1004 3011 1032 3058 et
1050 2989 1199 3059 extremum
1216 3007 1318 3058 notetis
1333 3021 1436 3058 cunum

324 3095 360 3146 ob
377 3095 472 3146 XXmo
484 3093 534 3144 die
552 3092 610 3146 Jul.
629 3091 707 3146 1596.
732 3092 768 3143 sd
785 3092 911 3144 Xanm
925 3093 1010 3146 Hert.
1026 3093 1110 3148 1594,
1132 3095 1246 3168 uerbum
1260 3095 1393 3148 divinum
1408 3096 1438 3146 in

324 3179 442 3239 sodon
460 3179 566 3234 Gellics
583 3181 745 3246 praedicens
763 3178 849 3246 degit.
884 3178 1147 3251 Vidisobnemenni
1163 3182 1437 3250 Historiecbeliecb-

324 3269 396 3320 richt
413 3267 460 3320 der
477 3269 530 3322 111.
549 3269 582 3320 L.
600 3267 701 3320 Kirche
712 3268 748 3334 in
764 3266 871 3318 Antord
889 3264 1084 3337 (Antwerpioe)
1101 3285 1130 3334 p.
1145 3268 1196 3322 136
1213 3285 1274 3339 sqq.
1290 3286 1320 3337 p.
1340 3269 1374 3322 59
1394 3286 1434 3336 sq.

325 3361 396 3422 etp.
414 3355 450 3408 90
468 3370 528 3422 sqq.
552 3354 600 3405 ubi
617 3353 774 3406 Cessicdcri
791 3353 913 3430 efligies,
938 3369 1019 3420 quum
1042 3356 1097 3407 sliu
1115 3339 1280 3424 exemplario
1297 3342 1327 3406 in
1346 3355 1436 3408 fronto

324 3437 477 3493 voluminis
491 3441 639 3509 praefixum
664 3440 807 3507 exhibent,
827 3445 861 3491 ‹et
886 3430 1040 3492 ubi'otiom
1060 3441 1094 3492 de
1111 3439 1256 3509 Willerp
1277 3440 1435 3495 (lussicdoii

325 3529 492 3581 adversario.
511 3529 578 3582 ibid.
597 3543 625 3596 p.
645 3529 705 3582 104.
725 3525 759 3580 de
776 3525 1171 3594 StephrnoPrsetorio.
1204 3529 1433 3584 (11.11111111111.

323 3615 478 3668 Denkmsbl
495 3633 523 3684 p.
542 3615 595 3669 496
613 3632 674 3686 sqq.
694 3619 723 3668 et
739 3615 869 3667 Lersneri
891 3613 1027 3668 Obsonice
1049 3617 1088 3672 11.
1112 3633 1140 3684 p.
1158 3616 1203 3671 66.
1239 3617 1432 3671 cassiodorum

324 3719 396 3755 enno
414 3701 492 3756 1579.
512 3719 545 3756 ex
564 3703 664 3770 Anglio
684 3703 868 3769 Antwerpium
885 3701 1024 3756 reversum
1039 3705 1132 3772 ibique
1149 3709 1214 3772 post
1225 3707 1365 3759 biennium
1379 3707 1434 3758 tere

324 3791 420 3842 turbes
442 3796 582 3857 expertum
605 3787 744 3856 (Lohnem.
765 3791 785 3843 l.
805 3806 829 3842 c.
847 3791 877 3842 in
894 3791 1097 3845 Additamentis
1119 3810 1147 3860 p.
1168 3793 1218 3846 161
1236 3794 1291 3862 sq.)
1315 3795 1434 3847 Franco·

325 3879 392 3930 fflrti
410 3877 454 3932 20.
472 3877 533 3946 Spt.
549 3877 628 3931 1569.
648 3895 708 3931 esre
725 3882 919 3932 commoratum
937 3879 1081 3948 Sylburgii
1094 3879 1221 3948 Epistola
1238 3881 1327 3935 docet.

393 3963 516 4018 Jseobns
544 3965 811 4019 Christmsnnus
838 3959 1080 4036 Heidelberqsnsis
1106 3969 1253 4022 Arabicum
1282 3981 1432 4022 ommonem

323 4052 426 4118 primus
444 4052 688 4122 omnium‘publice
706 4053 800 4107 docuit
811 4044 1020 4124 Heidelbergue,
1038 4055 1116 4110 libris
1134 4059 1218 4109 etiem
1235 4057 1361 4109 Arabicis
1379 4057 1433 4110 edi-

323 4141 364 4191 tio
384 4141 526 4207 inclaruit,
554 4155 605 4193 nec
627 4143 716 4194 miuus
734 4145 929 4198 controversiis
955 4161 1038 4214 snper
1054 4145 1237 4214 (thronoloqis
1251 4151 1283 4197 et
1299 4145 1433 4210 Historia,

323 4227 422 4294 quibus
443 4245 504 4280 cum
521 4227 604 4282 Justc
621 4229 717 4297 Lipsio
736 4235 764 4282 et
787 4233 909 4300 Josepbo
925 4233 1067 4302 scaligero
1092 4234 1252 4288 decertavit.
1280 4217 1352 4286 W.
1367 4235 1432 4286 Bur-

265 4371 267 4376 ,
323 4319 421 4367 menn:
441 4313 629 4384 sdlflyllcgen
653 4317 781 4386 Epistcll.
806 4319 830 4372 1.
848 4335 876 4387 p.
894 4320 946 4374 159
965 4334 1007 4390 sq.
1033 4320 1092 4389 (ubi
1115 4321 1198 4374 etium
1212 4320 1310 4373 ⁴i’uuliz
1327 4319 1431 4372 Melissi

323 4402 436 4470 mentio)
461 4408 489 4456 et
512 4405 558 4457 Jc.
577 4405 662 4458 Henr.
687 4405 812 4460 Andreae
836 4408 865 4459 in
885 4407 1010 4461 1111161111
1026 4409 1168 4477 Gymnesii
1192 4407 1429 4475 Heidelberponsis

323 4485 416 4552 Spioil.
436 4490 459 4542 1.
478 4500 505 4556 p:
521 4493 550 4545 8.
569 4506 596 4560 p.
616 4495 659 4548 11.
677 4508 705 4562 p.
727 4495 768 4549 te.
787 4498 816 4546 et
832 4495 861 4547 iu
877 4495 1044 4550 Riesmunno
1061 4498 1155 4550 rediv:
1168 4513 1195 4564 p.
1214 4496 1275 4550 161.
1316 4490 1321 4494 ’
