3167 5192
1159 563 1176 590 Ι
1194 487 1254 556 m

136 657 196 743 gis.
232 655 310 740 Qua
330 659 366 724 in
390 679 426 724 re
447 659 590 725 11611116
608 643 776 742 cognitum
794 665 845 722 ert
864 659 1016 744 mereri
1036 656 1255 726 adolescentis

134 761 318 845 ingenium.
364 759 491 842 Quotus
513 761 600 825 61111
624 761 762 847 quisque
788 767 853 843 661,
886 760 944 846 qui
964 759 1133 840 literarum
1144 762 1253 826 otium

134 862 287 950 adeoque
318 863 469 928 stationis
502 860 707 927 academicae
734 859 975 949 jucunditatem
1006 865 1255 930 commutaverit

135 986 208 1030 enm
231 987 401 1032 armorum
427 964 565 1050 strepitu
591 961 824 1052 laboribusque
845 963 1049 1030 cathmum?
1091 963 1155 1040 Ille
1172 986 1252 1032 vero

134 1065 216 1130 adeo
250 1065 417 1152 flagrabat
437 1065 613 1152 eupiditate
634 1063 873 1130 observationis
892 1065 1066 1132 utilitatem
1084 1085 1168 1132 cum-
1181 1087 1253 1134 erus

139 1166 277 1234 ditionis
300 1169 398 1234 laude
419 1165 656 1254 conjungendi,
675 1173 712 1230 ut
733 1166 804 1252 ejus
826 1167 875 1232 rei
895 1187 1013 1234 caussa
1032 1167 1253 1250 molertiarum
1294 1169 1299 1178 “

136 1252 271 1355 quidvis
296 1268 540 1366 suscipiendum
556 1266 780 1358 arbitraretur.
856 1284 861 1295 ¹
1102 1342 1106 1348 ,

219 1370 299 1436 Η66
328 1371 437 1436 animo
468 1379 576 1436 castra
606 1370 783 1436 Borussioa
813 1380 942 1438 secutus
971 1380 1021 1440 est
1035 1378 1255 1454 aarum

137 1472 210 1536 inde
241 1472 287 1538 ab
317 1474 395 1538 anni
426 1475 503 1538 1761
537 1471 568 1537 d.
595 1475 645 1536 17.
668 1472 761 1558 Maji.
806 1472 988 1562 inquibus
1016 1476 1063 1540 ita
1081 1499 1117 1542 66
1138 1478 1252 1563 gessit,

138 1583 172 1638 ut
192 1583 302 1640 artem
323 1573 474 1640 facientis
501 1595 627 1638 summa
647 1573 809 1638 industria
830 1575 1036 1663 felicitasque
1056 1600 1122 1644 non
1144 1579 1252 1646 minus
1280 1645 1283 1652 ,

140 1676 292 1742 omnibus
319 1676 530 1766 probaretur,
562 1697 660 1763 quam
680 1674 848 1742 doctrinae
870 1676 1043 1743 subtilitas·
1056 1690 1089 1744 et
1107 1680 1252 1748 ubertas.
1316 1676 1319 1679 ’
1383 1731 1385 1735 .

140 1777 220 1842 Nam
240 1777 427 1864 Torgaviae
450 1779 502 1844 ad.
514 1777 635 1860 Albim,
656 1775 714 1842 ubi
735 1799 795 1864 per
816 1779 981 1864 integrum
1001 1802 1124 1846 annum
1141 1790 1174 1847 et
1193 1803 1254 1850 aex
1279 1853 1282 1858 .

140 1901 269 1944 menses
295 1881 455 1963 constitit,
476 1881 618 1966 itemque
641 1879 854 1966 Vitebergae,
876 1880 935 1946 uhi
956 1882 1034 1946 item
1054 1903 1115 1969 per
1128 1883 1255 1972 aliquot

141 2003 268 2048 1161666
291 1983 374 2068 egit,
395 2003 471 2046 non‘
485 1980 590 2046 solum
612 1989 819 2066 aegrotantes
840 1983 955 2049 sedulo
975 1985 1090 2050 invisit
1109 1986 1255 2066 61161116

142 2107 216 2172 que,
246 2083 423 2170 diligenter
450 2083 647 2150 sciscitando
677 2082 865 2149 morborum
885 2106 1018 2151 caussas
1041 2095 1253 2172 eventusque,
1346 2159 1352 2164 ,

141 2192 254 2252 verum
277 2186 376 2250 etiam
399 2183 593 2272 chirurgos,
622 2186 734 2273 quiin
756 2206 796 2250 eo
818 2187 965 2253 exercitu
986 2196 1093 2272 erant,
1121 2195 1251 2253 centum

142 2289 280 2376 amplius
304 2277 528 2374 Osteologiam
550 2289 668 2372 docuit,
691 2287 877 2376 Physicam,
895 2289 1140 2377 Pathologiam,
1167 2289 1251 2354 The·

142 2397 281 2482 rapiam,
312 2391 485 2458 Materiam
515 2391 655 2478 denique
678 2390 849 2456 medicam.
894 2389 1041 2479 Grrmque
1066 2379 1109 2458 ab
1131 2391 1251 2457 ordine

142 2497 412 2585 Philosophorum
435 2492 663 2578 Vitebergensi
688 2515 832 2560 summos
857 2495 894 2558 in
913 2494 1126 2583 Philosophia
1139 2494 1251 2576 ¹hono·

142 2623 191 2666 res
211 2602 351 2688 adeptus
375 2605 462 2664 esset
482 2617 512 2662 a.
539 2600 628 2681 1762,
651 2617 736 2663 anno
760 2600 835 2684 post
855 2595 979 2662 ibidem
1000 2619 1019 2662 o
1040 2597 1177 2663 Lutheri
1192 2619 1250 2670 ca·

142 2703 271 2785 thedra,
303 2699 521 2788 respondente
548 2697 666 2782 Bosio,
695 2700 736 2766 de
764 2698 905 2764 militum
932 2699 1056 2766 morbis
1076 2703 1252 2789 praecipue

143 2805 286 2872 Prussici
314 2803 477 2868 exercitus
504 2801 668 2868 1166611111.
712 2803 797 2889 Ejus
819 2802 1003 2888 argumenti
1024 2802 1158 2868 ubertas
1176 2822 1252 2869 cum

145 2905 303 2995 ejusmodi
325 2904 501 2991 scriptione
527 2923 594 2968 non
613 2911 681 2968 tam
701 2903 869 2979 exhauriri
886 2905 1061 2992 potuisset,
1076 2910 1186 2992 'quam
1205 2904 1250 2969 le·

144 3011 225 3076 viter
243 3006 363 3091 attingi
384 3014 417 3070 61
438 3005 504 3070 suis
526 3007 620 3093 quasi
640 3005 736 3072 lineis
759 3007 941 3092 designari,
963 3007 1070 3073 denuo
1091 3004 1174 3072 illud
1194 3027 1251 3090 ag·

144 3131 273 3198 gressus
295 3108 676 3195 empostae-vernaculo
699 3131 813 3197 opere,
845 3109 933 3196 quod
952 3109 1041 3174 idem
1060 3106 1274 3204 mseribitnr‘
1358 3180 1360 3183 ¹

145 3221 178 3281 16
204 3219 330 3279 militam
357 3215 474 3276 morbis.
524 3207 621 3291 Quod
648 3233 722 3277 eum
747 3211 1037 3298 intelligentissimi
1063 3211 1192 3299 quique⁴
1215 3205 1268 3294 in?

144 3318 203 3384 hoe
219 3335 344 3402 genere
360 3312 550 3400 primarium
571 3321 741 3398 censeant,
763 3323 910 3399 nonest,
932 3314 1020 3403 quod
1043 3313 1195 3401 equidem
1214 3313 1250 3377 in

146 3418 225 3486 illud
243 3416 339 3504 plura
359 3415 476 3480 dicam.
585 3481 590 3492 ,
688 3465 690 3472 .
874 3496 875 3503 ,
1048 3467 1052 3474 .
1254 3426 1258 3474 :

227 3519 309 3606 Ejus
337 3517 414 3584 libri
445 3519 614 3584 materiem
642 3517 704 3584 Ille
732 3519 797 3594 sibi
825 3520 969 3598 maxime
993 3525 1250 3605 comparaverat,

148 3645 217 3690 oum
237 3641 324 3685 anno
343 3623 425 3686 1762
446 3621 543 3687 Mart.
565 3645 608 3691 11.
624 3620 665 3687 ab
683 3627 816 3690 Heortco
836 3621 903 3706 illo,
925 3625 1081 3687 Fridorr'cr‘
1095 3619 1250 3686 Prussiae

148 3727 230 3813 regis
251 3723 351 3790 fratre
373 3721 534 3811 hujusque
556 3726 756 3790 exercituum
777 3726 870 3809 duee,
888 3726 1005 3812 jussus
1026 3733 1113 3790 66661
1131 3725 1261 3807 omnia:

149 3835 299 3918 quotquot
325 3847 385 3914 per
407 3846 446 3890 ea
465 3833 573 3890 eastra
594 3828 742 3902 instituta
759 3828 868 3912 fuera,
893 3828 1082 3893 nosocomia
1098 3826 1250 3892 lustrare.

150 3932 237 4014 Quae
262 3951 315 3994 res
341 3927 540 3994 utrmirifiee
557 3927 724 4012 ,Nostrum
751 3931 888 3995 seientia
908 3933 1015 4013 auxit,
1044 3928 1262 4007 1166111611,

152 4053 268 4101 summo
287 4031 540 4118 vitae-periculo
562 4031 693 4119 objecit.
723 4031 809 4096 Nam
826 4055 900 4097 oum
921 4034 1097 4099 maximam
1109 4032 1251 4120 plerum·

152 4159 211 4226 que
235 4135 305 4202 diei
325 4141 452 4221 partem
480 4136 567 4200 eirca
583 4143 803 4220 ,aegrotorum
828 4135 965 4203 lectulos
986 4142 1185 4218 moraretur,
1218 4143 1261 4200 et'
1295 4130 1299 4139 ’
1360 4211 1363 4223 Δ

152 4241 263 4308 aeriter
285 4259 437 4326 quaeque
467 4237 684 4322 examinaret,
713 4237 785 4302 fieri
814 4261 881 4304 non
899 4241 1019 4327 potuit,
1052 4237 1132 4326 quin
1150 4238 1251 4304 nimio
1382 4275 1385 4281 ,

153 4342 221 4430 plus
238 4340 383 4406 hauriret
403 4341 525 4436 putridi
543 4349 575 4406 et
588 4343 763 4429 perniciosi
778 4343 921 4429 vaporis.
944 4340 1141 4426 Accedebat,
1163 4340 1252 4430 quod
1378 4367 1387 4413 ,2

153 4447 185 4511 in
208 4439 262 4510 illu¹
289 4445 358 4515 vita
387 4465 485 4530 saepe
514 4467 556 4512 16
587 4466 627 4510 66
652 4445 783 4533 quidem
806 4444 1072 4535 suppeditabant,
1106 4465 1190 4533 quas
1208 4446 1252 4512 ad

206 4569 314 4612 61166.
338 4569 454 4616 oruso.
500 4547 505 4556 '
555 4573 588 4604 w
892 4573 934 4600 υ
1020 4547 1060 4609 12
