3167 5192
1136 539 1163 578 ·.
1205 483 1274 550 aa·

91 624 92 627 Ἴ
158 672 268 718 rorum
297 651 500 738 quorundam
529 617 776 739 praeceptorum
804 657 967 714 austeram
994 648 1161 716 tristitiam
1195 670 1266 736 per-

157 753 379 921 leeldgbhio
402 835 453 916 ibi
470 859 644 937 maumcto,
666 852 820 918 Bremam
842 853 1012 936 concessit,
1033 851 1089 918 ubi
1105 849 1266 918 Athenaei
1380 834 1382 840 ¹

156 957 326 1046 discipulis
346 955 530 1042 adscriptus
550 963 610 1020 est.
647 953 885 1020 Celebrabatur
908 975 947 1019 ea
967 951 1079 1018 schola
1098 962 1176 1020 tuno
1196 955 1265 1042 qni-

155 1062 227 1160 dem
250 1061 425 1148 praecipue
444 1079 512 1122 nou
528 1065 596 1122 tam
618 1056 813 1121 discentium
820 1055 1044 1142 ‘multitudine
1069 1059 1265 1126 docentium-
1381 1055 1386 1062 ’

154 1187 217 1251 que
235 1162 360 1248 insigni
381 1159 523 1247 quadam
544 1157 711 1224 doetrinae
733 1159 835 1244 copia,
858 1178 955 1244 quam
971 1168 1180 1250 utrorumque
1197 1161 1264 1228 lau-

154 1266 258 1332 dabili
281 1263 457 1350 industria3
476 1283 582 1348 neque
603 1261 673 1325 fere
691 1281 885 1348 quemquam
901 1258 1003 1325 fuisse
1022 1262 1184 1346 narrabat,
1208 1265 1264 1350 qui

151 1367 327 1455 puerilium
341 1364 501 1442 ¹ludorum
523 1362 738 1450 fraudumque
766 1361 863 1446 nugis
889 1359 1056 1428 literarum
1080 1364 1263 1434 delectatio·
1299 1409 1302 1421 ·

151 1493 226 1534 nem
248 1489 316 1533 non
336 1466 527 1552 praeferret.
571 1465 740 1530 Acerrime
762 1462 955 1552 praesertim
971 1464 1131 1550 juvenum
1151 1465 1264 1534 ¹studio

151 1569 314 1636 florebant
339 1577 427 1633 artes
451 1567 684 1652 elegantiores,
711 1574 749 1632 ut
776 1565 923 1654 quisquis
956 1566 990 1628 in
1020 1567 1262 1636 venustioribus

151 1671 318 1738 numerari
343 1669 460 1751 vellet,
490 1667 533 1732 ad
558 1667 810 1753 pulchritudinis
839 1689 969 1734 sensum
985 1669 1148 1756 judicium
1169 1694 1263 1738 suum

151 1796 271 1840 acuere
293 1781 326 1838 et
344 1770 449 1859 polire
465 1769 620 1852 studeret,
642 1769 740 1856 inque
756 1776 926 1855 poetarum
936 1769 1136 1854 Latinorum,
1158 1775 1263 1860 magis
1317 1787 1319 1792 ’
1407 1811 1409 1818 -

151 1878 252 1942 etiam
274 1873 475 1940 Gallicurm
496 1872 635 1936 lectione
653 1877 741 1935 totus
760 1881 857 1936 esset.
883 1873 1105 1938 versabantur
1121 1867 1263 1942 omnium

150 1978 304 2044 manibus
323 1975 499 2058 Batteusii,
518 1972 675 2056 Boilavii,
697 1973 898 2040 Meinhardti
920 1976 1049 2062 scripta,
1073 1973 1263 2066 exquibus,

149 2080 243 2145 velut
275 2079 380 2144 omnis
412 2077 595 2164 elegantiae
624 2074 781 2159 oraculis,
816 2076 933 2140 artium
964 2087 1138 2166 praecepta
1166 2079 1263 2146 avide

149 2179 331 2269 arripiebat
356 2183 589 2256 warmannus·
608 2201 745 2267 cumque
765 2177 872 2243 adhue
891 2177 926 2242 in
942 2185 1111 2264 poetarum
1132 2181 1265 2268 scriptis

150 2283 358 2370 singularum
373 2280 469 2346 modo
491 2280 691 2347 locutionum
709 2279 806 2346 flores
828 2286 1000 2366 captasset,
1017 2279 1088 2368 jam
1104 2283 1137 2346 in
1155 2285 1262 2371 eujus·

150 2409 214 2476 que
251 2384 406 2450 carminis
443 2368 632 2448 universam
669 2383 931 2449 constitutionem
964 2393 1130 2474 artemque
1165 2387 1262 2454 altius
1355 2385 1361 2406 '

149 2486 360 2556 descendere
375 2492 510 2550 conatus
530 2491 590 2549 est.

124 2641 129 2647 .
234 2588 330 2653 Haec
358 2586 428 2652 fere
458 2587 641 2651 communia
663 2588 892 2652 universorum
920 2589 1029 2654 studia
1050 2597 1152 2654 eraut.
1198 2587 1263 2670 Qui

148 2691 326 2760 sublimius
346 2688 550 2773 ferebantur,
572 2688 797 2776 philosophiae
817 2689 916 2776 adyta
938 2692 1031 2778 quasi
1052 2699 1084 2756 et
1106 2679 1262 2779 mysteria

147 2794 317 2883 petebant.
349 2791 494 2873 Quorum
514 2793 562 2856 ita
581 2791 732 2856 fervebat
750 2791 851 2876 labor,
874 2801 910 2856 ut
931 2791 1170 2882 metaphysices
1187 2792 1260 2858 abs-

146 2897 337 2964 trusissima
363 2917 511 2982 quaeque
539 2895 790 2982 disceptantium
818 2894 956 2960 vocibus
984 2895 1145 2960 auditoria
1172 2917 1259 2960 reso·

147 3008 283 3083 nerent,
316 2997 645 3086 difficillimarumque
672 3019 780 3062 rerum
813 2995 1021 3062 meditatione
1054 2995 1142 3060 haud
1163 2997 1260 3081 pauci

147 3103 382 3189 defigerentur.
427 3100 573 3182 Quorum
593 3096 756 3184 quendam
775 3108 891 3185 postea
911 3101 1019 3164 ridere
1041 3097 1180 3180 solebat,
1203 3097 1259 3184 qui

147 3207 190 3272 de
210 3213 282 3270 ente
298 3210 427 3284 amplier·
447 3203 626 3290 disputans,
649 3201 767 3265 aeriter
787 3202 917 3288 urgenti
937 3201 1125 3268 adversario
1146 3199 1259 3288 reique

147 3306 374 3373 definitionem
400 3305 562 3392 flagitanti
582 3303 682 3390 pilam
704 3301 882 3390 lapideam,
912 3325 995 3392 quae
1013 3303 1085 3389 ejus
1106 3301 1261 3370 auditorii
1327 3361 1332 3366 .
1429 3349 1433 3358 .

146 3410 311 3477 fornicem
325 3394 549 3490 sustentabat,
571 3408 606 3470 in
628 3427 692 3492 qua
714 3405 947 3470 commissurae
969 3427 1034 3471 non
1056 3411 1259 3492 apparerent,

144 3522 317 3600 tamquam
339 3508 409 3595 ejus
428 3509 531 3595 ipsius
558 3509 641 3573 eutis
664 3507 849 3595 exemplum
869 3507 1064 3573 venditarat.
1107 3505 1261 3572 Advertit

145 3615 200 3680 hie
220 3612 404 3678 studiorum
425 3609 522 3675 ardor
547 3615 742 3677 Tiedomaaai
760 3619 915 3693 mentem,
946 3609 1114 3697 erexitque
1132 3607 1184 3674 sd
1205 3607 1259 3674 de-

147 3717 307 3782 siderium
328 3712 564 3802 philosophiae,
587 3736 684 3801 quam
704 3713 810 3779 adhuc
829 3713 889 3778 vix
910 3711 1009 3778 fando
1024 3719 1127 3778 norat.
1163 3709 1259 3792 Quod
1308 3759 1311 3768 ι

144 3822 257 3906 ipsum
276 3816 426 3882 alebatur
443 3815 741 3905 incendebaturque
762 3813 1035 3903 praelectionibus
1054 3815 1110 3898 iis,
1140 3812 1258 3902 quibus

144 3920 288 3987 historia
312 3917 536 4006 philosophica
565 3942 582 3984 e
601 3924 756 3984 Bructeri
771 3921 1003 3982 lustrationibus
1021 3915 1255 4003 explicabatur.
1348 3948 1349 3957 κ
1378 3990 1382 4003 ,

145 4021 279 4104 Qiribus
314 4023 533 4088 Tricornenses
560 4021 673 4087 sedulo
694 4020 858 4104 interfuit,
890 4017 1026 4107 eumque
1047 4017 1167 4084 librum
1189 4018 1256 4084 suis

115 4155 118 4159 ·
146 4121 433 4190 luenbrationibus
451 4125 581 4211 penitus
604 4122 742 4188 imbibit.
1147 4136 1152 4144 ’

233 4223 343 4307 Quem
363 4225 514 4292 lectitans
537 4247 635 4315 quum
654 4224 830 4314 aliquando
851 4222 1025 4290 multorum
1046 4221 1165 4309 placita
1186 4220 1255 4308 pbi-

147 4327 361 4418 losophorum
381 4330 489 4395 animo
506 4329 746 4417 perlustrasset,
769 4328 892 4394 factum
912 4336 972 4418 pst,
994 4335 1030 4392 ut
1051 4331 1163 4412 sponte
1183 4346 1254 4411 pro·

148 4431 283 4496 cederet
304 4431 475 4518 cogitatio,
501 4435 651 4523 ipseque,
680 4432 935 4523 disputationum
956 4434 1048 4524 quasi
1068 4431 1166 4503 telam
1187 4455 1258 4526 per·
1359 4499 1364 4508 ,
1398 4484 1404 4491 .
