3167 5192
1221 493 1263 558 93

152 659 376 726 concinnitate
389 659 545 747 Gorgiae,
566 662 624 750 qui
646 659 770 749 primus
791 661 885 750 paria
903 660 1039 748 paribus
1060 658 1216 747 adjuncta
1232 667 1265 726 et

151 763 327 829 contrariis
353 762 473 828 collata
501 766 665 830 contraria
683 763 801 830 dicitur
818 763 998 845 invenisse,
1024 760 1108 826 nihil
1129 759 1263 828 desub

149 866 270 931 tilitate
291 875 324 930 et
343 863 507 951 elegantia
526 866 659 955 Lysiae,
681 865 764 931 nihil
784 865 827 932 de
849 864 1011 949 gravitate
1021 861 1264 948 Demosthenis,
1286 875 1294 886 “

151 969 207 1055 qui
221 989 310 1034 unus
332 987 443 1033 omnes
463 967 668 1058 eloquentiae
682 989 835 1036 numeros
851 966 1005 1054 explevit,
1027 965 1109 1032 nihil
1126 966 1167 1032 de
1180 965 1262 1030 Pha·

150 1070 233 1136 lerei
261 1069 352 1136 illius
374 1071 536 1137 manate
555 1071 778 1158 doctrinaque.
822 1069 896 1135 Hoc
922 1070 1028 1134 teneri
1055 1069 1146 1153 volo,
1176 1069 1263 1156 quod
1310 1075 1336 1126 ι’,

150 1195 225 1238 curn
247 1171 386 1238 consilio
407 1194 482 1239 meo
498 1176 621 1240 arctius
643 1175 836 1240 continetur.
881 1171 943 1238 Est
965 1174 1052 1238 enim
1070 1170 1158 1258 apud
1171 1185 1262 1234 cron-
1334 1210 1337 1216 ·

150 1291 291 1340 nom:
325 1273 481 1342 Isocratis
514 1276 646 1343 domum
676 1284 813 1342 emotae
844 1276 1004 1343 Graeciae
1031 1275 1126 1362 quasi
1151 1273 1263 1338 ludum

150 1375 317 1466 quendam
334 1377 479 1464 patuisse
504 1387 536 1444 et
563 1377 696 1446 dicendi
712 1377 894 1462 officinani3
924 1379 1066 1465 itemque
1084 1375 1167 1442 illud
1184 1374 1262 1440 alte-

149 1499 240 1544 rumz
263 1477 500 1566 eloquentiam,
523 1490 560 1547 ut
581 1480 682 1548 semel
702 1503 721 1546 e
741 1479 880 1547 Piraeeo
900 1491 1014 1548 evecta
1033 1488 1129 1563 esset,
1151 1500 1261 1546 omues

149 1600 347 1667 peragrasse
367 1581 502 1667 insulas,
523 1587 658 1672 totique
676 1585 759 1650 Asia
779 1605 853 1649 esse
874 1586 1126 1673 peregrinatam.
1165 1581 1261 1648 Unde

149 1684 231 1747 satis
258 1681 469 1769 intelligitur,
496 1683 559 1751 bac
585 1686 657 1754 solt
684 1695 755 1752 arte
783 1695 817 1752 et
838 1687 1037 1754 inveniendi.
1063 1693 1094 1751 et
1111 1685 1263 1772 augendi

148 1785 335 1850 Atticorum
365 1783 480 1852 urbem
516 1791 707 1876 magistram
735 1790 883 1875 gentium
917 1791 1093 1856 exstitisse.
1147 1787 1262 1876 Neque

149 1885 257 1952 solum
272 1885 453 1975 Hyperide,
471 1891 644 1976 Aeschine,
660 1892 882 1958 Demosthene
897 1892 1090 1960 florentibus
1109 1895 1150 1957 et
1164 1887 1261 1956 laude

149 1988 318 2072 inclaruit,
354 1991 412 2057 sed
447 1994 585 2060 eandem
618 1996 755 2060 retinuit
783 1995 946 2060 Demetrii
983 1996 1081 2060 etiam
1111 1993 1263 2060 Phalerei

149 2097 273 2173 aetate,
305 2100 339 2157 et
359 2093 402 2158 ad
423 2105 571 2162 extrema
589 2098 688 2162 etiam
707 2106 856 2186 tempora
872 2099 1084 2186 propagavit3
1111 2107 1148 2164 ut
1168 2119 1189 2162 a
1206 2097 1261 2160 Li-

149 2196 250 2262 banio
284 2205 317 2264 et
346 2199 581 2286 posterioribus
608 2221 738 2290 quoque
764 2201 896 2267 dicendi
926 2200 1059 2268 officina
1090 2201 1261 2284 diceretur,

147 2321 213 2388 quo
240 2300 372 2366 nomine
399 2323 470 2366 eam
498 2301 626 2368 'Pullius
653 2303 885 2392 appellaverat.
933 2305 984 2371 Ac
1009 2306 1093 2370 sicut
1119 2305 1154 2368 in
1177 2325 1260 2368 mar·

147 2423 240 2467 more
266 2403 364 2468 rudia
389 2405 484 2470 initio
507 2425 607 2492 opera
633 2405 846 2471 instituuntur
867 2406 1139 2495 inchoanturque‚
1168 2425 1261 2494 quae,

147 2526 215 2570 non
241 2505 309 2569 nisi
335 2515 497 2574 vetustate
525 2506 812 2592 commendabilia,
842 2518 982 2576 aetatem
1006 2510 1130 2595 ferunt,
1154 2507 1261 2598 quoad

149 2605 298 2672 doctiore
316 2608 486 2695 paullatim
507 2611 598 2678 taelo
613 2612 709 2697 signa
721 2611 941 2698 perficiantur,
963 2635 1047 2701 quae
1060 2613 1261 2701 praestantia

148 2711 210 2774 sut
235 2709 490 2811 intelligentium
516 2735 645 2802 qnoque
669 2715 780 2780 oculos
813 2717 1002 2804 animosque
1030 2716 1203 2782 advertam
1228 2719 1261 2778 et

148 2818 300 2876 teneant:
326 2814 374 2877 ita
389 2816 548 2880 sermonis
570 2816 690 2882 Graeci
708 2818 842 2884 horrida
862 2821 1003 2906 primum
1024 2827 1059 2887 et
1076 2819 1171 2906 quasi
1191 2837 1260 2882 sca·

140 2912 209 2990 dm
230 2912 351 3000 facies,
377 2917 545 3004 perpetuis
564 2919 758 2986 Atticorum
781 2929 945 2987 oratorum
967 2922 1053 2986 curis
1080 2921 1207 2985 erudita
1228 2927 1261 2984 et

147 3016 244 3103 quasi
266 3015 424 3104 levigata,
447 3018 594 3086 divinam
614 3021 705 3087 illam
725 3022 1000 3110 pulchritudinem
1022 3021 1209 3108 explicarit.
1256 3043 1259 3048 ·

175 3151 179 3158 ·
234 3117 375 3184 Athenis
407 3123 506 3186 etiarn
540 3124 744 3212 eloquentiae
783 3147 833 3210 se,
877 3134 1042 3213 tamquam
1082 3144 1190 3189 comes
1227 3127 1260 3186 et
1338 3164 1341 3172 ι

146 3219 296 3303 alumna,
328 3227 462 3290 Historia
494 3227 661 3313 applicuit.
715 3227 801 3292 Nam
833 3237 1044 3315 posteaquam
1072 3225 1258 3291 Herodotus
1341 3287 1346 3296 ,

145 3321 214 3386 illis
235 3320 365 3388 Persici
383 3323 463 3391 belli
484 3327 637 3396 heroibus
660 3350 755 3394 suum
777 3337 810 3393 et
830 3331 1040 3417 praeconium
1063 3335 1095 3392 et
1116 3328 1258 3392 testimo-

146 3425 238 3488 nium
258 3423 435 3513 tribuerat,
463 3431 499 3494 in
522 3433 626 3519 adque
649 3433 721 3518 jam
747 3439 817 3496 tunr
843 3434 999 3520 primaria
1025 3430 1107 3498 urbe
1128 3430 1259 3518 publice

145 3525 346 3621 recitaverat
366 3531 418 3595 sui
439 3533 547 3619 operis
564 3543 700 3622 partem,
723 3555 787 3621 quo
804 3533 861 3599 illc
881 3533 1135 3601 universi-orbis
1158 3541 1258 3598 terra·

145 3650 219 3693 rum
239 3632 466 3699 memorabilia
480 3636 668 3725 complexus
685 3646 769 3702 erat:
792 3636 1013 3726 Thucydides,
1035 3638 1083 3702 uti
1099 3635 1259 3702 Miltiadis

145 3733 290 3817 tropaeis
313 3731 566 3822 Themistocles,
585 3741 633 3810 sie
654 3741 726 3828 ipse
747 3739 836 3806 illius
858 3740 1010 3806 laudibus
1033 3741 1194 3806 excitatus
1213 3738 1259 3804 'ed

145 3840 271 3925 patrias
286 3862 341 3905 res
362 3842 616 3909 conscribendas
637 3865 673 3908 se
694 3842 841 3908 eontulit.
861 3844 926 3908 Hic
941 3844 1065 3932 primus
1079 3843 1258 3928 historiam,

147 3943 339 4008 arcessitam
367 3947 463 4033 quasi
485 3969 504 4012 e
523 3945 718 4033 templorum
734 3944 972 4032 penetralibus,
997 3947 1032 4010 in
1054 3955 1162 4010 castra
1184 3967 1258 4012 eon·

147 4046 340 4132 cionemque
360 4047 512 4134 adduxit,
538 4057 571 4113 et
590 4047 784 4134 prudentiae
805 4048 896 4112 civili
915 4048 1113 4138 militarique
1135 4069 1258 4112 accom-

147 4147 304 4213 modavit.
350 4149 496 4238 (lamque
517 4149 612 4216 exsul
629 4149 756 4216 civibus
778 4151 846 4216 suis
866 4153 926 4218 sud
948 4160 981 4217 et
997 4153 1118 4218 virtute
1137 4159 1169 4216 et
1183 4169 1257 4237 pru—
1283 4145 1290 4172 ¹

147 4248 259 4316 dantia
279 4243 478 4338 amplius'in
496 4254 612 4319 castris
631 4253 787 4340 prodesse
803 4275 869 4318 non
891 4264 1015 4341 posset:
1043 4253 1160 4320 iisdem
1180 4254 1257 4318 scri-

145 4351 254 4420 bendo
281 4353 439 4440 prodesse
466 4355 572 4422 voluit
599 4357 635 4420 in
664 4378 812 4439 secessu,
840 4379 914 4424 curn
948 4355 1162 4423 funestissimi
1180 4351 1260 4418 belli

146 4457 256 4522 varios
277 4466 370 4524 actus
389 4458 699 4547 vicissitudinesque
717 4459 897 4547 explicaret
918 4468 950 4524 et
973 4456 1130 4523 velutad
1151 4453 1258 4522 oculo-¹
