3167 5192
1238 439 1318 517 ‘alr
1420 474 1422 478 v

211 622 270 710 15)
291 637 376 688 vmo
396 635 647 687 onuusuaamo
669 637 714 685 nr
734 634 1066 716 uxruamurrssruo,
1090 604 1276 688 mensem

291 745 296 750 ·
595 737 897 810 coumuorrssmq

447 845 801 947 unumunurn
829 841 1037 947 cunero,

245 986 445 1032 OHIRURGIAE
460 990 501 1032 AG
517 990 698 1034 MEDICINAE
714 958 861 1032 ΒΟΟΤΟΙΒΙ
876 990 917 1030 E'l'
932 987 1136 1032 PROFESSORI
1153 988 1182 1029 P·
1199 987 1240 1043 00,

357 1069 360 1079 ’
460 1081 462 1086 ’
636 1101 850 1170 sucaranae,
928 1101 935 1130 ⁸

171 1173 353 1244 Pnuarim
386 1191 658 1246 soanuurmuu
693 1191 816 1256 scaro,
853 1191 1026 1245 oauruon
1052 1183 1300 1259 mammosam
1418 1188 1420 1193 ’

575 1261 909 1343 uourmranmam
1279 1265 1295 1309 ’-

685 1383 708 1420 Β.
727 1383 754 1419 Ρ.
773 1384 803 1418 D.

494 1454 755 1518 FRIDERIOUS
779 1454 990 1517 OREUZER.

271 1581 367 1666 Quod
390 1607 495 1673 nuper
516 1609 697 1652 mesenam
715 1589 959 1672 octogenarium
972 1611 1033 1677 per
1046 1582 1299 1676 Inscriptionuhi
1380 1638 1384 1645 .

180 1685 386 1752 Graecarum
407 1689 691 1777 Romanarumque
710 1687 857 1776 Corpora
878 1690 1004 1757 Titulos
1027 1689 1232 1779 Sepulcrale's
1251 1689 1299 1754 lu·

180 1797 341 1856 strantem
359 1789 414 1856 vel
433 1793 576 1857 maxime
591 1791 786 1875 adverterat,
803 1815 878 1856 cum
894 1793 1061 1878 vidissem,
1075 1794 1225 1860 novitios
1243 1792 1298 1858 hoss

178 1895 285 1958 mines
306 1903 342 1959 ut
359 1893 722 1982 plurimumveteribus
745 1892 813 1957 illis
835 1896 1019 1961 vivaciores
1042 1917 1137 1981 esse,
1157 1914 1298 1983 mecum-

181 2019 245 2088 que
264 2007 467 2088 reputarem,
499 2006 655 2086 quantum
677 1995 739 2060 hac
762 1995 798 2060 in
820 2019 919 2063 causa
939 1999 1139 2066 nosnatibus
1158 1997 1298 2062 Medicis
1400 1996 1403 2005 “

180 2102 354 2169 debeatur:
374 2101 575 2176 illudhodie
596 2100 786 2166 memoriam
796 2091 913 2168 xmeam
934 2105 1063 2190 penitus
1084 2103 1297 2190 redintegrat,

179 2229 244 2296 quo
269 2207 323 2275 die
342 2206 408 2290 Tu,
428 2204 490 2270 Vir
511 2204 716 2290 amicissime,
735 2207 879 2270 muneris
900 2205 964 2270 Tui
986 2215 1139 2280 octavum
1157 2204 1297 2270 meeum

178 2307 352 2375 nobiscum
372 2307 477 2374 hilare
500 2306 720 2374 concelebras.
744 2347 787 2358 -
808 2307 854 2372 Et
875 2329 970 2391 vero,
992 2307 1054 2372 Vir
1078 2307 1295 2393 meritissime,

179 2409 241 2476 TU
264 2409 384 2495 habes,
418 2409 505 2498 quod
533 2409 691 2476 hodierno
719 2410 772 2476 die
805 2431 848 2474 ex
876 2411 985 2474 animo
1013 2409 1168 2495 gaudeas.
1210 2408 1296 2477 Num
1325 2453 1334 2470 ι

177 2521 392 2600 posteaquam
414 2513 527 2603 plures
549 2537 608 2602 per
630 2535 733 2578 annos
757 2512 845 2579 domi
864 2511 1065 2599 militiaeque
1085 2520 1189 2578 artem
1212 2514 1296 2581 salu·
1331 2585 1332 2590 ,

178 2623 283 2682 tarem
305 2617 434 2680 naviter
455 2613 687 2700 inchoaveras,
715 2613 786 2698 hic,
816 2615 851 2678 in
877 2622 990 2679 nostra
1015 2613 1195 2681 Academia
1221 2638 1295 2683 con·

177 2717 270 2784 tinuo
290 2719 326 2781 in
348 2717 536 2783 cathedram
556 2724 687 2784 evectus
706 2727 739 2782 et
754 2717 950 2782 nosocomiis
966 2715 1087 2780 nostris
1099 2718 1294 2804 praefectus,

176 2817 230 2882 Tu
254 2819 302 2883 Te
324 2820 359 2883 in
375 2820 552 2906 Chirurgia
576 2829 607 2884 et
629 2819 664 2883 in
678 2819 846 2885 Medicina
866 2842 940 2884 oum
957 2818 1104 2884 docendo
1119 2828 1188 2885 tum
1202 2822 1294 2887 facti·

178 2919 279 2984 tando
301 2919 475 3006 insigniter
491 2922 677 3003 exercuisti,
701 2919 839 3017 Scriptis
854 2921 960 2987 bonae
974 2920 1080 3006 frugis
1095 2921 1293 3008 plenissimis
1384 2929 1390 2943 ⁸

179 3023 447 3112 eas'disciplinas
470 3022 694 3106 illustravisti,
722 3023 862 3106 auxisti,
891 3022 1033 3088 millenis
1055 3022 1182 3090 civibus
1204 3035 1293 3092 exte·
1410 3069 1414 3076 -

175 3125 513 3212 risque'intelligens,
538 3127 669 3209 dexter,
697 3125 782 3190 felix
802 3125 940 3190 consilio
962 3146 1125 3211 operaque
1147 3125 1292 3214 adfuisti,

175 3227 375 3317 Academiae
398 3227 538 3315 denique
558 3235 690 3294 nostrae
712 3227 854 3293 nominis
876 3228 940 3293 Tui
961 3227 1058 3292 laude
1082 3249 1142 3316 per
1161 3231 1293 3298 univer·
1401 3284 1408 3299 ,

176 3351 246 3397 sam
259 3328 432 3418 Europam
454 3330 620 3396 cumulum
639 3331 809 3396 addidisti.
915 3370 919 3376 ·

261 3429 424 3512 Quocirca
456 3451 516 3498 nos
550 3435 640 3498 cives
677 3431 888 3520 collegaeque
917 3431 982 3496 Tui
1010 3431 1066 3518 pia
1093 3437 1171 3495 vota
1194 3430 1291 3497 hodie

137 3531 144 3547 '
173 3531 329 3618 facimus,
357 3543 393 3600 ut
412 3535 504 3601 Deus
522 3537 674 3622 Optimus
696 3535 864 3601 Maximus
882 3533 1002 3598 multos
1023 3554 1084 3620 per
1107 3553 1210 3597 annos
1229 3533 1292 3598 sal-

172 3657 251 3701 vum
267 3635 326 3700 ΤΕ
350 3640 569 3726 sospitemque
590 3647 757 3728 praestare
779 3639 870 3722 velit,
892 3658 955 3724 quo
974 3657 1027 3701 res
1041 3643 1171 3702 nostras
1187 3648 1291 3725 uisque

174 3747 206 3804 et
224 3761 330 3828 usque
352 3741 512 3828 adjuvare
534 3751 566 3807 et
589 3763 748 3810 exornare
770 3743 889 3832 possis.

256 3841 373 3931 Itaque
393 3843 468 3910 vale
491 3837 637 3932 mihique
658 3845 746 3914 fave.

257 3943 482 4033 Heidelberga
504 3947 558 4013 die
580 3945 678 4014 XIX.
701 3971 744 4014 m.
768 3945 867 4014 Mart.
889 3967 919 4010 a.
942 3962 1122 4011 mucosum.

615 4250 843 4261 *aaa

222 4531 337 4578 OREUZ.
365 4537 480 4580 OPUSO.
