3167 5192
1236 474 1278 542 at

146 636 323 705 coloniam
350 636 482 719 Ionum,
511 634 569 722 qui
587 636 755 704 Melantho
784 660 863 725 rege
884 640 919 705 in
940 638 1084 707 Atticam
1106 662 1273 708 concesse·
1300 636 1303 653 ¹

147 747 254 823 rant,
282 738 460 805 deduxisse
484 736 520 803 in
544 758 616 803 eam
634 739 737 806 Asiae
755 748 899 828 partem,
926 761 1026 827 quae,
1049 738 1091 805 ab
1110 740 1161 807 his
1179 742 1274 825 Ionia

146 841 327 929 appellata
333 889 344 923 ,
374 861 472 928 opum
504 861 677 929 rerumque
708 842 868 910 bonarum
901 843 1044 909 omnium
1083 842 1274 915 beatissimi

144 944 257 1029 copia.
278 941 433 1009 effloruit.
480 940 564 1009 Cum
584 944 682 1010 unius
703 944 834 1033 quidem
851 944 957 1011 Mileti
978 944 1185 1029 admonuero,
1201 946 1272 1033 plu·

145 1044 253 1111 ribus
280 1043 392 1109 verbis
418 1064 484 1109 non
511 1065 592 1131 opus
616 1047 694 1131 erit,
722 1069 786 1135 quo
815 1046 905 1113 illius
931 1046 1061 1113 consilii
1081 1047 1281 1133 magnitudo·

144 1146 373 1233 intelligatur.
418 1142 576 1231 Singulae
595 1155 704 1215 autem
724 1148 858 1215 Ionicae
877 1150 1043 1231 civitates,
1062 1148 1196 1235 junctae
1218 1172 1272 1215 ne-

146 1248 371 1315 cessitudinis
389 1246 538 1331 vinculo,
561 1270 620 1315 suo
643 1270 790 1337 quaeque
819 1249 891 1317 loco
912 1252 1073 1339 modoque
1094 1250 1273 1319 laetissima
1341 1322 1344 1329 ,

146 1350 373 1419 humanitatis
394 1349 596 1415 incrementa
616 1361 782 1438 ceperunt.

244 1450 363 1541 Neque
376 1458 486 1515 tamen
500 1450 569 1517 ulla
582 1451 697 1519 harum
719 1455 887 1521 civitatum
901 1463 967 1521 tam
982 1455 1119 1521 firmiter
1138 1452 1274 1521 fundata

146 1556 291 1643 legibus
314 1564 446 1642 tamque
468 1552 642 1621 salubriter
663 1563 861 1645 temperata,
882 1580 979 1646 quam
1003 1559 1094 1645 ipsae
1114 1554 1273 1643 Athenae,

149 1681 195 1724 ex
226 1680 296 1745 quo
325 1654 426 1723 Solon
453 1655 505 1721 his
531 1676 686 1743 praeesse
713 1668 875 1746 coeperat.
926 1659 1010 1725 Nam
1037 1667 1210 1747 postquam
1235 1682 1274 1727 ea

146 1759 367 1848 respublica,
395 1758 488 1823 varie
515 1778 577 1823 usa
602 1758 825 1827 Archontibus
853 1770 886 1827 et
912 1761 1110 1829 factionibus
1139 1762 1273 1847 agitata,

148 1863 186 1927 in
208 1862 365 1928 diversas
385 1868 496 1948 portes
517 1859 684 1943 discessit,
707 1862 801 1947 eique
823 1863 909 1931 malo
927 1865 996 1931 suis
1016 1862 1146 1950 legibus
1161 1862 1273 1931 Draco

149 1964 285 2029 frustra
304 1962 431 2047 mederi
454 1961 593 2027 studuit:
621 1960 755 2026 tandem
773 1964 886 2031 eadem
910 1988 930 2029 a
950 1963 1068 2031 Solone
1089 1966 1273 2052 prudentis·

149 2068 240 2131 sime
279 2064 508 2131 administrata
541 2066 641 2151 inque
672 2062 841 2129 meliorem
875 2064 1014 2131 formam
1047 2066 1180 2131 redacta
1212 2075 1272 2133 est.

150 2168 292 2251 Quanta
317 2166 405 2231 enim
423 2165 521 2253 hujus
546 2165 706 2253 sapientia
726 2163 842 2249 fuerit,
870 2175 902 2233 et
922 2166 1005 2231 illud
1026 2166 1169 2255 loquitur
1186 2170 1274 2257 quod

149 2273 186 2335 in
210 2277 341 2356 septem
363 2269 548 2356 sapientum
568 2287 703 2331 numero
721 2274 785 2350 est,
809 2275 842 2331 et
861 2270 962 2335 multo
984 2271 1089 2355 magis
1109 2292 1152 2337 ex
1173 2293 1211 2337 eo
1227 2272 1272 2337 ef-

148 2372 276 2455 ficitur,
301 2370 402 2459 quod,
423 2391 498 2435 curn
512 2369 657 2457 omnium
677 2367 871 2457 populorum
892 2370 1137 2458 prudentissimi
1152 2371 1272 2439 Graeci

150 2474 375 2557 haberentur,
407 2474 442 2537 in
471 2472 606 2537 Graecis
632 2479 742 2537 autem
769 2470 867 2559 longe
896 2473 1075 2540 eminerent
1099 2473 1282 2562 prudentia,

151 2578 278 2661 Attici,
304 2578 375 2663 ipse
399 2576 544 2641 omnium
563 2572 814 2639 Atheniensium
838 2574 1110 2661 prudentissimus
1134 2583 1166 2641 et
1188 2585 1274 2643 esset

152 2691 186 2747 et
210 2681 391 2757 diceretur.
434 2678 486 2743 Ac
506 2677 657 2743 feruntur
680 2676 769 2742 dicta
792 2677 864 2764 ejus
885 2676 1039 2765 plurima,
1071 2700 1154 2767 quae
1175 2679 1275 2746 fidem

153 2784 300 2865 laciant3
328 2780 504 2869 inquibus
525 2778 615 2845 illud·
631 2786 695 2845 est:
726 2802 762 2845 se
789 2780 934 2868 quotidie
954 2780 1082 2869 aliquid
1103 2782 1287 2851 addiscen·
1336 2846 1341 2851 .

152 2896 223 2953 tem
248 2906 361 2951 senem
382 2882 465 2975 fieri.
509 2880 595 2947 Nam
616 2904 691 2949 cum
712 2883 806 2947 initio
828 2882 1027 2949 ludibundus
1049 2886 1272 2951 tantummodo

153 3010 275 3055 versus
297 2986 452 3071 fudisset,
474 2994 590 3074 postea
609 2986 788 3051 sententias
808 2986 905 3051 etiam
925 3008 1045 3071 graves
1061 2987 1096 3051 in
1116 2987 1157 3051 iis
1170 2987 1271 3053 inclu-

154 3094 214 3177 sit,
242 3100 276 3156 et
296 3112 350 3155 res
378 3111 507 3178 quoque
527 3088 658 3177 publice
680 3096 796 3174 gestas
817 3087 935 3153 multas
957 3088 1107 3155 intexuit.
1151 3088 1192 3154 In
1212 3088 1272 3155 has

154 3202 316 3284 quantam
341 3194 413 3279 ipse
434 3179 503 3256 vim
521 3188 687 3273 habuerit,
717 3190 826 3275 arguit
850 3198 883 3255 ct
904 3188 1078 3255 Salaminis
1101 3214 1271 3279 recupera·
1297 3216 1299 3219 ·

153 3300 261 3365 ticet
292 3295 488 3381 Megarense
515 3302 699 3381 tropaeum,
730 3314 926 3381 quamquam
959 3292 1088 3379 legibus
1120 3294 1176 3361 illc
1203 3280 1271 3363 suis
1313 3352 1315 3363 .
1354 3334 1358 3342 ,

153 3400 285 3467 nullum
312 3397 512 3485 praeclarius
542 3403 786 3461 monumentum
818 3395 960 3483 reliquit.
1009 3396 1203 3463 Accuratius
1237 3400 1272 3465 in

155 3524 212 3567 eas
244 3500 412 3587 inquirere
439 3505 472 3563 et
495 3496 593 3583 hujus
617 3496 773 3561 orationis
803 3494 930 3561 indoles
951 3504 1056 3581 vetat,
1083 3518 1188 3585 neque
1206 3498 1272 3565 mei

155 3602 292 3692 quidem
313 3601 440 3687 ingenii
453 3598 586 3665 modulo
605 3620 803 3687 magnopere
823 3599 998 3665 convenire
1012 3598 1154 3665 videtur.
1183 3599 1271 3667 Illud

155 3704 265 3769 teneri
285 3701 361 3769 volo
367 3750 377 3785 ,
400 3724 420 3765 a
441 3697 706 3789 prudentissimis
721 3700 837 3765 harum
859 3721 968 3765 rerum
985 3700 1173 3787 judicibus,
1196 3710 1270 3769 ,tum

154 3816 288 3895 patrum
323 3812 395 3887 tnm
429 3811 560 3869 nostrae
591 3802 782 3886 memoriae,
820 3802 1030 3869 humanitatis
1064 3804 1270 3892 plenissimas

156 3908 294 3977 easdem
312 3906 480 3993 judicatas
506 3905 625 3989 fuisse,
653 3906 724 3969 sive
751 3904 885 3991 publica
912 3904 1086 3995 disciplina
1107 3916 1270 3995 spectetur

157 4017 229 4079 sive
248 4011 390 4099 privata.
433 4008 548 4096 Neque
577 4008 664 4073 enirn
686 4006 791 4073 solum
817 4016 908 4075 tanto
928 4016 1183 4096 temperamento
1203 4012 1269 4098 ple·

155 4115 232 4181 bem
254 4114 342 4179 inter
364 4120 580 4199 senatumque
602 4111 685 4196 egit,
709 4118 746 4175 ut
767 4109 809 4175 ab
830 4113 976 4201 utrisque
996 4134 1109 4200 parem
1129 4113 1290 4197 gratiarn‘

156 4218 314 4300 referret,
332 4214 392 4283 sed
411 4212 596 4281 mitioribus
619 4216 765 4298 omnino,
793 4236 890 4301 quam
911 4214 1018 4281 adhuc
1039 4216 1162 4280 factum
1190 4222 1268 4300 erat,

159 4319 306 4389 consiliio
332 4339 411 4385 usus
440 4326 500 4384 est.
545 4316 706 4405 Quodque
728 4316 969 4383 sanctissimum
996 4318 1268 4405 Areopagitarum

159 4423 334 4491 consilium
371 4422 597 4509 constituerat,
635 4443 673 4487 eo
703 4422 910 4514 praeparavit
944 4421 1031 4495 idem
1055 4418 1268 4499 Salaminiam
