<?xml version="1.0" encoding="UTF-8"?>
<!DOCTYPE html PUBLIC "-//W3C//DTD XHTML 1.0 Transitional//EN"
    "http://www.w3.org/TR/xhtml1/DTD/xhtml1-transitional.dtd">
<html xmlns="http://www.w3.org/1999/xhtml" xml:lang="en" lang="en">
 <head>
  <title>
</title>
<meta http-equiv="Content-Type" content="text/html;charset=utf-8" />
  <meta name='ocr-system' content='tesseract 3.04.00' />
  <meta name='ocr-capabilities' content='ocr_page ocr_carea ocr_par ocr_line ocrx_word'/>
</head>
<body>
  <div class='ocr_page' id='page_1' title='image "./opusculaselecta00creugoog_0097.png"; bbox 0 0 3167 5192; ppageno 0'>
   <div class='ocr_carea' id='block_1_1' title="bbox 1228 454 1270 557">
    <p class='ocr_par' dir='ltr' id='par_1_1' title="bbox 1228 454 1270 557">
     <span class='ocr_line' id='line_1_1' title="bbox 1228 454 1270 557; baseline -0.357 1"><span class='ocrx_word' id='word_1_1' title='bbox 1228 454 1270 557; x_wconf 71' lang='lat' dir='ltr'><strong>lu</strong></span> 
     </span>
    </p>
   </div>
   <div class='ocr_carea' id='block_1_2' title="bbox 84 627 1355 4408">
    <p class='ocr_par' dir='ltr' id='par_1_2' title="bbox 84 627 1355 3365">
     <span class='ocr_line' id='line_1_2' title="bbox 152 627 1355 730; baseline 0.001 -21"><span class='ocrx_word' id='word_1_2' title='bbox 152 640 270 728; x_wconf 70' lang='lat' dir='ltr'><strong>primi,</strong></span> <span class='ocrx_word' id='word_1_3' title='bbox 292 639 396 724; x_wconf 79' lang='lat' dir='ltr'><strong>terro,</strong></span> <span class='ocrx_word' id='word_1_4' title='bbox 422 638 512 728; x_wconf 84' lang='lat' dir='ltr'><strong>quod</strong></span> <span class='ocrx_word' id='word_1_5' title='bbox 531 637 639 710; x_wconf 85' lang='lat' dir='ltr'><strong>adhuc</strong></span> <span class='ocrx_word' id='word_1_6' title='bbox 660 663 789 730; x_wconf 82' lang='lat' dir='ltr'><strong>semper</strong></span> <span class='ocrx_word' id='word_1_7' title='bbox 815 644 938 729; x_wconf 84' lang='lat' dir='ltr'><strong>gestari</strong></span> <span class='ocrx_word' id='word_1_8' title='bbox 958 643 1104 726; x_wconf 81' lang='lat' dir='ltr'><strong>solitum,</strong></span> <span class='ocrx_word' id='word_1_9' title='bbox 1133 641 1270 729; x_wconf 76' lang='lat' dir='ltr'><strong>inpacs</strong></span> <span class='ocrx_word' id='word_1_10' title='bbox 1352 627 1355 636; x_wconf 71' lang='grc'>’</span> 
     </span>
     <span class='ocr_line' id='line_1_3' title="bbox 155 743 1268 832; baseline -0.001 -22"><span class='ocrx_word' id='word_1_11' title='bbox 155 745 323 830; x_wconf 83' lang='lat' dir='ltr'><strong>deposito,</strong></span> <span class='ocrx_word' id='word_1_12' title='bbox 343 743 387 811; x_wconf 87' lang='lat' dir='ltr'><strong>ad</strong></span> <span class='ocrx_word' id='word_1_13' title='bbox 403 744 520 824; x_wconf 58' lang='lat' dir='ltr'><strong>‚mitius</strong></span> <span class='ocrx_word' id='word_1_14' title='bbox 547 744 922 832; x_wconf 81' lang='lat' dir='ltr'><strong>mansuetiusque·vitae</strong></span> <span class='ocrx_word' id='word_1_15' title='bbox 944 767 1048 830; x_wconf 80' lang='lat' dir='ltr'><strong>genus</strong></span> <span class='ocrx_word' id='word_1_16' title='bbox 1074 766 1147 810; x_wconf 87' lang='lat' dir='ltr'><strong>sese</strong></span> <span class='ocrx_word' id='word_1_17' title='bbox 1173 747 1268 826; x_wconf 71' lang='lat' dir='ltr'><strong>remi·</strong></span> 
     </span>
     <span class='ocr_line' id='line_1_4' title="bbox 154 843 1268 933; baseline 0.002 -22"><span class='ocrx_word' id='word_1_18' title='bbox 154 855 281 912; x_wconf 89' lang='lat' dir='ltr'><strong>serunt.</strong></span> <span class='ocrx_word' id='word_1_19' title='bbox 327 843 488 932; x_wconf 75' lang='lat' dir='ltr'><strong>Quodque</strong></span> <span class='ocrx_word' id='word_1_20' title='bbox 512 847 632 932; x_wconf 88' lang='lat' dir='ltr'><strong>priscis</strong></span> <span class='ocrx_word' id='word_1_21' title='bbox 654 845 721 913; x_wconf 85' lang='lat' dir='ltr'><strong>illis</strong></span> <span class='ocrx_word' id='word_1_22' title='bbox 740 846 942 933; x_wconf 81' lang='lat' dir='ltr'><strong>temporibus</strong></span> <span class='ocrx_word' id='word_1_23' title='bbox 970 847 1041 914; x_wconf 87' lang='lat' dir='ltr'><strong>fieri</strong></span> <span class='ocrx_word' id='word_1_24' title='bbox 1063 845 1205 930; x_wconf 82' lang='lat' dir='ltr'><strong>solebat,</strong></span> <span class='ocrx_word' id='word_1_25' title='bbox 1232 855 1268 916; x_wconf 85' lang='lat' dir='ltr'><strong>ut</strong></span> 
     </span>
     <span class='ocr_line' id='line_1_5' title="bbox 153 947 1267 1036; baseline -0.002 -22"><span class='ocrx_word' id='word_1_26' title='bbox 153 951 262 1035; x_wconf 86' lang='lat' dir='ltr'><strong>pietas</strong></span> <span class='ocrx_word' id='word_1_27' title='bbox 291 951 327 1024; x_wconf 82' lang='lat' dir='ltr'><strong>in</strong></span> <span class='ocrx_word' id='word_1_28' title='bbox 355 948 433 1014; x_wconf 88' lang='lat' dir='ltr'><strong>deos</strong></span> <span class='ocrx_word' id='word_1_29' title='bbox 464 956 498 1011; x_wconf 92' lang='lat' dir='ltr'><strong>et</strong></span> <span class='ocrx_word' id='word_1_30' title='bbox 515 947 676 1036; x_wconf 88' lang='lat' dir='ltr'><strong>quidquid</strong></span> <span class='ocrx_word' id='word_1_31' title='bbox 696 957 879 1016; x_wconf 89' lang='lat' dir='ltr'><strong>ceterorum</strong></span> <span class='ocrx_word' id='word_1_32' title='bbox 899 949 1080 1016; x_wconf 84' lang='lat' dir='ltr'><strong>officiorum</strong></span> <span class='ocrx_word' id='word_1_33' title='bbox 1105 958 1168 1033; x_wconf 89' lang='lat' dir='ltr'><strong>est,</strong></span> <span class='ocrx_word' id='word_1_34' title='bbox 1196 971 1267 1013; x_wconf 86' lang='lat' dir='ltr'><strong>sua-</strong></span> 
     </span>
     <span class='ocr_line' id='line_1_6' title="bbox 84 1048 1268 1136; baseline -0.002 -18"><span class='ocrx_word' id='word_1_35' title='bbox 84 1084 85 1091; x_wconf 44' lang='lat'><em>*</em></span> <span class='ocrx_word' id='word_1_36' title='bbox 153 1053 304 1128; x_wconf 79' lang='lat' dir='ltr'><strong>vissimis</strong></span> <span class='ocrx_word' id='word_1_37' title='bbox 324 1059 438 1116; x_wconf 84' lang='lat' dir='ltr'><strong>vatum</strong></span> <span class='ocrx_word' id='word_1_38' title='bbox 458 1048 658 1115; x_wconf 77' lang='lat' dir='ltr'><strong>carminibus</strong></span> <span class='ocrx_word' id='word_1_39' title='bbox 677 1050 892 1118; x_wconf 89' lang='lat' dir='ltr'><strong>instillaretur</strong></span> <span class='ocrx_word' id='word_1_40' title='bbox 911 1055 946 1118; x_wconf 91' lang='lat' dir='ltr'><strong>in</strong></span> <span class='ocrx_word' id='word_1_41' title='bbox 961 1053 1086 1120; x_wconf 89' lang='lat' dir='ltr'><strong>feroces</strong></span> <span class='ocrx_word' id='word_1_42' title='bbox 1100 1051 1268 1136; x_wconf 83' lang='lat' dir='ltr'><strong>bominum</strong></span> 
     </span>
     <span class='ocr_line' id='line_1_7' title="bbox 154 1151 1268 1240; baseline -0.002 -21"><span class='ocrx_word' id='word_1_43' title='bbox 154 1155 302 1220; x_wconf 89' lang='lat' dir='ltr'><strong>animos:</strong></span> <span class='ocrx_word' id='word_1_44' title='bbox 326 1174 432 1240; x_wconf 87' lang='lat' dir='ltr'><strong>nsque</strong></span> <span class='ocrx_word' id='word_1_45' title='bbox 447 1152 578 1221; x_wconf 83' lang='lat' dir='ltr'><strong>Atticae</strong></span> <span class='ocrx_word' id='word_1_46' title='bbox 599 1151 776 1238; x_wconf 85' lang='lat' dir='ltr'><strong>religiones</strong></span> <span class='ocrx_word' id='word_1_47' title='bbox 799 1157 840 1220; x_wconf 75' lang='lat' dir='ltr'><strong>et</strong></span> <span class='ocrx_word' id='word_1_48' title='bbox 861 1155 1140 1222; x_wconf 82' lang='lat' dir='ltr'><strong>commendatione</strong></span> <span class='ocrx_word' id='word_1_49' title='bbox 1158 1175 1268 1220; x_wconf 80' lang='lat' dir='ltr'><strong>carue-</strong></span> 
     </span>
     <span class='ocr_line' id='line_1_8' title="bbox 153 1252 1267 1345; baseline 0.005 -27"><span class='ocrx_word' id='word_1_50' title='bbox 153 1265 242 1325; x_wconf 84' lang='lat' dir='ltr'><strong>runt.</strong></span> <span class='ocrx_word' id='word_1_51' title='bbox 295 1253 436 1338; x_wconf 75' lang='lat' dir='ltr'><strong>Quando</strong></span> <span class='ocrx_word' id='word_1_52' title='bbox 464 1255 552 1319; x_wconf 90' lang='lat' dir='ltr'><strong>enim</strong></span> <span class='ocrx_word' id='word_1_53' title='bbox 585 1252 735 1341; x_wconf 85' lang='lat' dir='ltr'><strong>Orpheus</strong></span> <span class='ocrx_word' id='word_1_54' title='bbox 767 1255 825 1322; x_wconf 92' lang='lat' dir='ltr'><strong>ille</strong></span> <span class='ocrx_word' id='word_1_55' title='bbox 859 1259 895 1322; x_wconf 91' lang='lat' dir='ltr'><strong>in</strong></span> <span class='ocrx_word' id='word_1_56' title='bbox 927 1261 1054 1345; x_wconf 88' lang='lat' dir='ltr'><strong>asperis</strong></span> <span class='ocrx_word' id='word_1_57' title='bbox 1085 1267 1117 1322; x_wconf 88' lang='lat' dir='ltr'><strong>et</strong></span> <span class='ocrx_word' id='word_1_58' title='bbox 1140 1258 1267 1343; x_wconf 52' lang='lat' dir='ltr'><strong>saxosis</strong></span> 
     </span>
     <span class='ocr_line' id='line_1_9' title="bbox 154 1355 1296 1448; baseline -0.006 -23"><span class='ocrx_word' id='word_1_59' title='bbox 154 1357 321 1427; x_wconf 73' lang='lat' dir='ltr'><strong>Thraciae</strong></span> <span class='ocrx_word' id='word_1_60' title='bbox 346 1355 490 1425; x_wconf 86' lang='lat' dir='ltr'><strong>vallibus</strong></span> <span class='ocrx_word' id='word_1_61' title='bbox 516 1356 666 1426; x_wconf 77' lang='lat' dir='ltr'><strong>assidens</strong></span> <span class='ocrx_word' id='word_1_62' title='bbox 692 1356 831 1442; x_wconf 82' lang='lat' dir='ltr'><strong>bestias,</strong></span> <span class='ocrx_word' id='word_1_63' title='bbox 855 1383 952 1446; x_wconf 88' lang='lat' dir='ltr'><strong>rupes</strong></span> <span class='ocrx_word' id='word_1_64' title='bbox 981 1381 1178 1448; x_wconf 86' lang='lat' dir='ltr'><strong>nemorsque</strong></span> <span class='ocrx_word' id='word_1_65' title='bbox 1203 1368 1267 1423; x_wconf 83' lang='lat' dir='ltr'><strong>tra-</strong></span> <span class='ocrx_word' id='word_1_66' title='bbox 1292 1407 1296 1418; x_wconf 85' lang='lat'><em>.</em></span> 
     </span>
     <span class='ocr_line' id='line_1_10' title="bbox 152 1457 1269 1549; baseline 0.001 -23"><span class='ocrx_word' id='word_1_67' title='bbox 152 1469 269 1544; x_wconf 77' lang='lat' dir='ltr'><strong>xerat,</strong></span> <span class='ocrx_word' id='word_1_68' title='bbox 286 1457 385 1527; x_wconf 88' lang='lat' dir='ltr'><strong>simul</strong></span> <span class='ocrx_word' id='word_1_69' title='bbox 406 1466 503 1544; x_wconf 89' lang='lat' dir='ltr'><strong>atque</strong></span> <span class='ocrx_word' id='word_1_70' title='bbox 521 1457 603 1523; x_wconf 88' lang='lat' dir='ltr'><strong>fides</strong></span> <span class='ocrx_word' id='word_1_71' title='bbox 624 1459 757 1527; x_wconf 85' lang='lat' dir='ltr'><strong>blandis</strong></span> <span class='ocrx_word' id='word_1_72' title='bbox 775 1460 944 1546; x_wconf 76' lang='lat' dir='ltr'><strong>impellere</strong></span> <span class='ocrx_word' id='word_1_73' title='bbox 967 1463 1079 1549; x_wconf 81' lang='lat' dir='ltr'><strong>digitis</strong></span> <span class='ocrx_word' id='word_1_74' title='bbox 1108 1462 1269 1546; x_wconf 83' lang='lat' dir='ltr'><strong>coepisset</strong></span> 
     </span>
     <span class='ocr_line' id='line_1_11' title="bbox 154 1561 1272 1650; baseline 0.005 -23"><span class='ocrx_word' id='word_1_75' title='bbox 154 1572 186 1627; x_wconf 92' lang='lat' dir='ltr'><strong>et</strong></span> <span class='ocrx_word' id='word_1_76' title='bbox 215 1561 443 1637; x_wconf 71' lang='lat' dir='ltr'><strong>dulcissimam</strong></span> <span class='ocrx_word' id='word_1_77' title='bbox 470 1582 587 1626; x_wconf 83' lang='lat' dir='ltr'><strong>vocem</strong></span> <span class='ocrx_word' id='word_1_78' title='bbox 615 1563 799 1650; x_wconf 84' lang='lat' dir='ltr'><strong>explicare:</strong></span> <span class='ocrx_word' id='word_1_79' title='bbox 835 1563 984 1630; x_wconf 87' lang='lat' dir='ltr'><strong>Athenae</strong></span> <span class='ocrx_word' id='word_1_80' title='bbox 1008 1564 1088 1630; x_wconf 90' lang='lat' dir='ltr'><strong>illuc</strong></span> <span class='ocrx_word' id='word_1_81' title='bbox 1113 1563 1272 1648; x_wconf 67' lang='lat' dir='ltr'><strong>miseruut</strong></span> 
     </span>
     <span class='ocr_line' id='line_1_12' title="bbox 154 1662 1269 1752; baseline -0.003 -22"><span class='ocrx_word' id='word_1_82' title='bbox 154 1688 197 1732; x_wconf 82' lang='lat' dir='ltr'><strong>ex</strong></span> <span class='ocrx_word' id='word_1_83' title='bbox 217 1666 291 1732; x_wconf 88' lang='lat' dir='ltr'><strong>suis</strong></span> <span class='ocrx_word' id='word_1_84' title='bbox 315 1663 444 1731; x_wconf 84' lang='lat' dir='ltr'><strong>civibus</strong></span> <span class='ocrx_word' id='word_1_85' title='bbox 465 1662 652 1748; x_wconf 84' lang='lat' dir='ltr'><strong>Musaeum,</strong></span> <span class='ocrx_word' id='word_1_86' title='bbox 674 1667 731 1752; x_wconf 90' lang='lat' dir='ltr'><strong>qui</strong></span> <span class='ocrx_word' id='word_1_87' title='bbox 752 1665 921 1734; x_wconf 80' lang='lat' dir='ltr'><strong>Musarum</strong></span> <span class='ocrx_word' id='word_1_88' title='bbox 942 1666 1115 1732; x_wconf 89' lang='lat' dir='ltr'><strong>concentui</strong></span> <span class='ocrx_word' id='word_1_89' title='bbox 1143 1662 1269 1739; x_wconf 80' lang='lat' dir='ltr'><strong>auscul-</strong></span> 
     </span>
     <span class='ocr_line' id='line_1_13' title="bbox 152 1764 1270 1855; baseline -0.004 -20"><span class='ocrx_word' id='word_1_90' title='bbox 152 1776 239 1835; x_wconf 75' lang='lat' dir='ltr'><strong>uret</strong></span> <span class='ocrx_word' id='word_1_91' title='bbox 276 1776 312 1832; x_wconf 86' lang='lat' dir='ltr'><strong>et</strong></span> <span class='ocrx_word' id='word_1_92' title='bbox 343 1765 519 1855; x_wconf 83' lang='lat' dir='ltr'><strong>Calliopae,</strong></span> <span class='ocrx_word' id='word_1_93' title='bbox 543 1765 611 1830; x_wconf 87' lang='lat' dir='ltr'><strong>filio</strong></span> <span class='ocrx_word' id='word_1_94' title='bbox 643 1764 878 1853; x_wconf 85' lang='lat' dir='ltr'><strong>Musarumque</strong></span> <span class='ocrx_word' id='word_1_95' title='bbox 907 1767 1049 1850; x_wconf 88' lang='lat' dir='ltr'><strong>alumno.</strong></span> <span class='ocrx_word' id='word_1_96' title='bbox 1103 1765 1150 1832; x_wconf 91' lang='lat' dir='ltr'><strong>Ut</strong></span> <span class='ocrx_word' id='word_1_97' title='bbox 1179 1787 1270 1849; x_wconf 89' lang='lat' dir='ltr'><strong>vero,</strong></span> 
     </span>
     <span class='ocr_line' id='line_1_14' title="bbox 154 1864 1268 1957; baseline -0.002 -21"><span class='ocrx_word' id='word_1_98' title='bbox 154 1869 268 1957; x_wconf 91' lang='lat' dir='ltr'><strong>quoad</strong></span> <span class='ocrx_word' id='word_1_99' title='bbox 289 1869 362 1957; x_wconf 85' lang='lat' dir='ltr'><strong>ejus</strong></span> <span class='ocrx_word' id='word_1_100' title='bbox 384 1864 457 1934; x_wconf 89' lang='lat' dir='ltr'><strong>fieri</strong></span> <span class='ocrx_word' id='word_1_101' title='bbox 475 1877 600 1956; x_wconf 87' lang='lat' dir='ltr'><strong>potest,</strong></span> <span class='ocrx_word' id='word_1_102' title='bbox 622 1867 829 1953; x_wconf 88' lang='lat' dir='ltr'><strong>conjiciendo</strong></span> <span class='ocrx_word' id='word_1_103' title='bbox 848 1889 1014 1954; x_wconf 88' lang='lat' dir='ltr'><strong>eruamus,</strong></span> <span class='ocrx_word' id='word_1_104' title='bbox 1037 1869 1117 1956; x_wconf 91' lang='lat' dir='ltr'><strong>quid</strong></span> <span class='ocrx_word' id='word_1_105' title='bbox 1135 1868 1196 1934; x_wconf 88' lang='lat' dir='ltr'><strong>suh</strong></span> <span class='ocrx_word' id='word_1_106' title='bbox 1218 1869 1268 1934; x_wconf 90' lang='lat' dir='ltr'><strong>his</strong></span> 
     </span>
     <span class='ocr_line' id='line_1_15' title="bbox 153 1969 1269 2058; baseline 0.001 -22"><span class='ocrx_word' id='word_1_107' title='bbox 153 1972 346 2039; x_wconf 87' lang='lat' dir='ltr'><strong>fabularum</strong></span> <span class='ocrx_word' id='word_1_108' title='bbox 365 1971 545 2058; x_wconf 82' lang='lat' dir='ltr'><strong>involucris</strong></span> <span class='ocrx_word' id='word_1_109' title='bbox 569 1980 602 2036; x_wconf 94' lang='lat' dir='ltr'><strong>et</strong></span> <span class='ocrx_word' id='word_1_110' title='bbox 619 1970 714 2058; x_wconf 89' lang='lat' dir='ltr'><strong>quasi</strong></span> <span class='ocrx_word' id='word_1_111' title='bbox 734 1970 968 2056; x_wconf 84' lang='lat' dir='ltr'><strong>integumentis</strong></span> <span class='ocrx_word' id='word_1_112' title='bbox 984 1971 1100 2038; x_wconf 86' lang='lat' dir='ltr'><strong>lateat:</strong></span> <span class='ocrx_word' id='word_1_113' title='bbox 1123 1969 1185 2036; x_wconf 92' lang='lat' dir='ltr'><strong>hoc</strong></span> <span class='ocrx_word' id='word_1_114' title='bbox 1207 1970 1269 2037; x_wconf 89' lang='lat' dir='ltr'><strong>sal-</strong></span> 
     </span>
     <span class='ocr_line' id='line_1_16' title="bbox 152 2072 1269 2162; baseline 0 -24"><span class='ocrx_word' id='word_1_115' title='bbox 152 2083 220 2138; x_wconf 88' lang='lat' dir='ltr'><strong>tem</strong></span> <span class='ocrx_word' id='word_1_116' title='bbox 241 2073 321 2138; x_wconf 89' lang='lat' dir='ltr'><strong>licet</strong></span> <span class='ocrx_word' id='word_1_117' title='bbox 344 2076 489 2162; x_wconf 88' lang='lat' dir='ltr'><strong>assequi,</strong></span> <span class='ocrx_word' id='word_1_118' title='bbox 519 2074 667 2158; x_wconf 87' lang='lat' dir='ltr'><strong>viguisse</strong></span> <span class='ocrx_word' id='word_1_119' title='bbox 692 2073 729 2136; x_wconf 91' lang='lat' dir='ltr'><strong>in</strong></span> <span class='ocrx_word' id='word_1_120' title='bbox 748 2072 891 2138; x_wconf 74' lang='lat' dir='ltr'><strong>Thracia</strong></span> <span class='ocrx_word' id='word_1_121' title='bbox 912 2074 1107 2150; x_wconf 80' lang='lat' dir='ltr'><strong>sanctiorem</strong></span> <span class='ocrx_word' id='word_1_122' title='bbox 1127 2073 1269 2160; x_wconf 79' lang='lat' dir='ltr'><strong>aliquam</strong></span> 
     </span>
     <span class='ocr_line' id='line_1_17' title="bbox 153 2171 1343 2264; baseline 0.002 -23"><span class='ocrx_word' id='word_1_123' title='bbox 153 2175 384 2263; x_wconf 85' lang='lat' dir='ltr'><strong>disciplinam,</strong></span> <span class='ocrx_word' id='word_1_124' title='bbox 423 2199 507 2264; x_wconf 90' lang='lat' dir='ltr'><strong>quae</strong></span> <span class='ocrx_word' id='word_1_125' title='bbox 542 2177 716 2264; x_wconf 87' lang='lat' dir='ltr'><strong>conjuncta</strong></span> <span class='ocrx_word' id='word_1_126' title='bbox 745 2200 819 2258; x_wconf 90' lang='lat' dir='ltr'><strong>cnm</strong></span> <span class='ocrx_word' id='word_1_127' title='bbox 841 2171 967 2262; x_wconf 82' lang='lat' dir='ltr'><strong>&#39;priscis</strong></span> <span class='ocrx_word' id='word_1_128' title='bbox 995 2175 1209 2261; x_wconf 85' lang='lat' dir='ltr'><strong>religionibus</strong></span> <span class='ocrx_word' id='word_1_129' title='bbox 1238 2185 1270 2243; x_wconf 87' lang='lat' dir='ltr'><strong>et</strong></span> <span class='ocrx_word' id='word_1_130' title='bbox 1336 2174 1343 2182; x_wconf 74' lang='grc'><strong>’</strong></span> 
     </span>
     <span class='ocr_line' id='line_1_18' title="bbox 152 2264 1269 2376; baseline 0.001 -31"><span class='ocrx_word' id='word_1_131' title='bbox 152 2280 267 2366; x_wconf 68' lang='lat' dir='ltr'><strong>poesis</strong></span> <span class='ocrx_word' id='word_1_132' title='bbox 289 2264 418 2365; x_wconf 88' lang='lat' dir='ltr'><strong>legibus</strong></span> <span class='ocrx_word' id='word_1_133' title='bbox 436 2279 600 2376; x_wconf 36' lang='lat' dir='ltr'><strong>adstricta·</strong></span> <span class='ocrx_word' id='word_1_134' title='bbox 614 2281 650 2344; x_wconf 89' lang='lat' dir='ltr'><strong>in</strong></span> <span class='ocrx_word' id='word_1_135' title='bbox 664 2279 811 2344; x_wconf 87' lang='lat' dir='ltr'><strong>Atticam</strong></span> <span class='ocrx_word' id='word_1_136' title='bbox 825 2299 929 2364; x_wconf 88' lang='lat' dir='ltr'><strong>usque</strong></span> <span class='ocrx_word' id='word_1_137' title='bbox 943 2287 1188 2364; x_wconf 70' lang='lat' dir='ltr'><strong>propagaretur,</strong></span> <span class='ocrx_word' id='word_1_138' title='bbox 1200 2278 1269 2364; x_wconf 80' lang='lat' dir='ltr'><strong>¹ibi·</strong></span> 
     </span>
     <span class='ocr_line' id='line_1_19' title="bbox 153 2381 1269 2478; baseline -0.004 -28"><span class='ocrx_word' id='word_1_139' title='bbox 153 2404 218 2469; x_wconf 91' lang='lat' dir='ltr'><strong>que</strong></span> <span class='ocrx_word' id='word_1_140' title='bbox 246 2403 308 2468; x_wconf 87' lang='lat' dir='ltr'><strong>per</strong></span> <span class='ocrx_word' id='word_1_141' title='bbox 329 2403 444 2446; x_wconf 88' lang='lat' dir='ltr'><strong>manus</strong></span> <span class='ocrx_word' id='word_1_142' title='bbox 470 2382 565 2470; x_wconf 88' lang='lat' dir='ltr'><strong>quasi</strong></span> <span class='ocrx_word' id='word_1_143' title='bbox 584 2381 719 2463; x_wconf 86' lang='lat' dir='ltr'><strong>tradita,</strong></span> <span class='ocrx_word' id='word_1_144' title='bbox 743 2381 937 2468; x_wconf 85' lang='lat' dir='ltr'><strong>praesertim</strong></span> <span class='ocrx_word' id='word_1_145' title='bbox 962 2382 998 2446; x_wconf 93' lang='lat' dir='ltr'><strong>in</strong></span> <span class='ocrx_word' id='word_1_146' title='bbox 1019 2390 1117 2466; x_wconf 85' lang='lat' dir='ltr'><strong>gente</strong></span> <span class='ocrx_word' id='word_1_147' title='bbox 1137 2381 1269 2478; x_wconf 75' lang='lat' dir='ltr'><strong>Eumol·</strong></span> 
     </span>
     <span class='ocr_line' id='line_1_20' title="bbox 152 2481 1270 2572; baseline -0.004 -17"><span class='ocrx_word' id='word_1_148' title='bbox 152 2484 325 2572; x_wconf 63' lang='lat' dir='ltr'><strong>pilarum,</strong></span> <span class='ocrx_word' id='word_1_149' title='bbox 356 2485 486 2550; x_wconf 90' lang='lat' dir='ltr'><strong>saniora</strong></span> <span class='ocrx_word' id='word_1_150' title='bbox 501 2482 620 2567; x_wconf 87' lang='lat' dir='ltr'><strong>multa,</strong></span> <span class='ocrx_word' id='word_1_151' title='bbox 642 2503 740 2570; x_wconf 90' lang='lat' dir='ltr'><strong>quam</strong></span> <span class='ocrx_word' id='word_1_152' title='bbox 769 2504 852 2571; x_wconf 84' lang='lat' dir='ltr'><strong>quae</strong></span> <span class='ocrx_word' id='word_1_153' title='bbox 873 2481 1021 2570; x_wconf 81' lang='lat' dir='ltr'><strong>vulgaris</strong></span> <span class='ocrx_word' id='word_1_154' title='bbox 1045 2484 1152 2551; x_wconf 87' lang='lat' dir='ltr'><strong>cultus</strong></span> <span class='ocrx_word' id='word_1_155' title='bbox 1172 2483 1270 2550; x_wconf 87' lang='lat' dir='ltr'><strong>habe·</strong></span> 
     </span>
     <span class='ocr_line' id='line_1_21' title="bbox 153 2583 1305 2674; baseline -0.001 -22"><span class='ocrx_word' id='word_1_156' title='bbox 153 2594 221 2668; x_wconf 88' lang='lat' dir='ltr'><strong>ret,</strong></span> <span class='ocrx_word' id='word_1_157' title='bbox 242 2585 428 2672; x_wconf 82' lang='lat' dir='ltr'><strong>posteritati</strong></span> <span class='ocrx_word' id='word_1_158' title='bbox 447 2587 593 2653; x_wconf 86' lang='lat' dir='ltr'><strong>eruditae</strong></span> <span class='ocrx_word' id='word_1_159' title='bbox 614 2584 770 2650; x_wconf 87' lang='lat' dir='ltr'><strong>traderet.</strong></span> <span class='ocrx_word' id='word_1_160' title='bbox 814 2583 929 2674; x_wconf 87' lang='lat' dir='ltr'><strong>Neque</strong></span> <span class='ocrx_word' id='word_1_161' title='bbox 943 2607 1022 2652; x_wconf 88' lang='lat' dir='ltr'><strong>vero</strong></span> <span class='ocrx_word' id='word_1_162' title='bbox 1042 2586 1270 2674; x_wconf 84' lang='lat' dir='ltr'><strong>solum-Aegy·</strong></span> <span class='ocrx_word' id='word_1_163' title='bbox 1304 2641 1305 2645; x_wconf 65' lang='lat'><strong>,</strong></span> 
     </span>
     <span class='ocr_line' id='line_1_22' title="bbox 152 2679 1272 2776; baseline 0.002 -21"><span class='ocrx_word' id='word_1_164' title='bbox 152 2697 231 2776; x_wconf 87' lang='lat' dir='ltr'><strong>ptus</strong></span> <span class='ocrx_word' id='word_1_165' title='bbox 259 2696 293 2752; x_wconf 92' lang='lat' dir='ltr'><strong>et</strong></span> <span class='ocrx_word' id='word_1_166' title='bbox 316 2686 458 2754; x_wconf 81' lang='lat' dir='ltr'><strong>Thracia</strong></span> <span class='ocrx_word' id='word_1_167' title='bbox 478 2687 625 2754; x_wconf 85' lang='lat' dir='ltr'><strong>Athenas</strong></span> <span class='ocrx_word' id='word_1_168' title='bbox 652 2685 773 2752; x_wconf 88' lang='lat' dir='ltr'><strong>erudiit</strong></span> <span class='ocrx_word' id='word_1_169' title='bbox 798 2695 895 2775; x_wconf 81' lang='lat' dir='ltr'><strong>atque</strong></span> <span class='ocrx_word' id='word_1_170' title='bbox 925 2710 968 2770; x_wconf 77' lang='lat' dir='ltr'><strong>ex</strong></span> <span class='ocrx_word' id='word_1_171' title='bbox 987 2690 1111 2774; x_wconf 85' lang='lat' dir='ltr'><strong>agresti</strong></span> <span class='ocrx_word' id='word_1_172' title='bbox 1136 2679 1272 2757; x_wconf 65' lang='lat' dir='ltr'><strong>licentia</strong></span> 
     </span>
     <span class='ocr_line' id='line_1_23' title="bbox 152 2787 1272 2878; baseline -0.001 -23"><span class='ocrx_word' id='word_1_173' title='bbox 152 2789 345 2872; x_wconf 87' lang='lat' dir='ltr'><strong>revocavit,</strong></span> <span class='ocrx_word' id='word_1_174' title='bbox 372 2811 488 2855; x_wconf 88' lang='lat' dir='ltr'><strong>verum</strong></span> <span class='ocrx_word' id='word_1_175' title='bbox 517 2791 616 2856; x_wconf 88' lang='lat' dir='ltr'><strong>etiam</strong></span> <span class='ocrx_word' id='word_1_176' title='bbox 641 2810 694 2852; x_wconf 89' lang='lat' dir='ltr'><strong>res</strong></span> <span class='ocrx_word' id='word_1_177' title='bbox 717 2787 925 2859; x_wconf 80' lang='lat' dir='ltr'><strong>Cretensium</strong></span> <span class='ocrx_word' id='word_1_178' title='bbox 946 2789 1089 2878; x_wconf 89' lang='lat' dir='ltr'><strong>publica.</strong></span> <span class='ocrx_word' id='word_1_179' title='bbox 1135 2789 1272 2874; x_wconf 79' lang='lat' dir='ltr'><strong>Constat</strong></span> 
     </span>
     <span class='ocr_line' id='line_1_24' title="bbox 154 2838 1270 2978; baseline -0.002 -22"><span class='ocrx_word' id='word_1_180' title='bbox 154 2892 246 2958; x_wconf 86' lang='lat' dir='ltr'><strong>enim</strong></span> <span class='ocrx_word' id='word_1_181' title='bbox 273 2838 398 2956; x_wconf 83' lang='lat' dir='ltr'><strong>dudum</strong></span> <span class='ocrx_word' id='word_1_182' title='bbox 419 2890 506 2955; x_wconf 90' lang='lat' dir='ltr'><strong>hanc</strong></span> <span class='ocrx_word' id='word_1_183' title='bbox 533 2889 684 2955; x_wconf 84' lang='lat' dir='ltr'><strong>floruisse</strong></span> <span class='ocrx_word' id='word_1_184' title='bbox 707 2889 843 2956; x_wconf 90' lang='lat' dir='ltr'><strong>meliore</strong></span> <span class='ocrx_word' id='word_1_185' title='bbox 871 2891 980 2961; x_wconf 87' lang='lat' dir='ltr'><strong>civilis</strong></span> <span class='ocrx_word' id='word_1_186' title='bbox 1007 2889 1200 2978; x_wconf 87' lang='lat' dir='ltr'><strong>disciplinae</strong></span> <span class='ocrx_word' id='word_1_187' title='bbox 1220 2912 1270 2972; x_wconf 86' lang='lat' dir='ltr'><strong>re,-</strong></span> 
     </span>
     <span class='ocr_line' id='line_1_25' title="bbox 152 2991 1269 3085; baseline 0 -27"><span class='ocrx_word' id='word_1_188' title='bbox 152 2995 257 3060; x_wconf 91' lang='lat' dir='ltr'><strong>ticne.</strong></span> <span class='ocrx_word' id='word_1_189' title='bbox 303 2991 379 3059; x_wconf 84' lang='lat' dir='ltr'><strong>Non</strong></span> <span class='ocrx_word' id='word_1_190' title='bbox 397 2992 476 3071; x_wconf 88' lang='lat' dir='ltr'><strong>licet</strong></span> <span class='ocrx_word' id='word_1_191' title='bbox 495 2995 587 3058; x_wconf 76' lang='lat' dir='ltr'><strong>certa</strong></span> <span class='ocrx_word' id='word_1_192' title='bbox 606 2991 673 3058; x_wconf 88' lang='lat' dir='ltr'><strong>fide</strong></span> <span class='ocrx_word' id='word_1_193' title='bbox 697 3001 964 3080; x_wconf 87' lang='lat' dir='ltr'><strong>argumentorum</strong></span> <span class='ocrx_word' id='word_1_194' title='bbox 987 2993 1131 3085; x_wconf 81' lang='lat' dir='ltr'><strong>firmare:</strong></span> <span class='ocrx_word' id='word_1_195' title='bbox 1153 2991 1269 3080; x_wconf 87' lang='lat' dir='ltr'><strong>proba-</strong></span> 
     </span>
     <span class='ocr_line' id='line_1_26' title="bbox 152 3075 1272 3183; baseline 0 -23"><span class='ocrx_word' id='word_1_196' title='bbox 152 3094 269 3160; x_wconf 87' lang='lat' dir='ltr'><strong>biliter</strong></span> <span class='ocrx_word' id='word_1_197' title='bbox 287 3095 449 3181; x_wconf 85' lang='lat' dir='ltr'><strong>suspicari</strong></span> <span class='ocrx_word' id='word_1_198' title='bbox 469 3094 546 3160; x_wconf 88' lang='lat' dir='ltr'><strong>lieet</strong></span> <span class='ocrx_word' id='word_1_199' title='bbox 566 3093 738 3183; x_wconf 87' lang='lat' dir='ltr'><strong>Theseum,</strong></span> <span class='ocrx_word' id='word_1_200' title='bbox 758 3118 834 3167; x_wconf 86' lang='lat' dir='ltr'><strong>curn</strong></span> <span class='ocrx_word' id='word_1_201' title='bbox 849 3096 934 3182; x_wconf 87' lang='lat' dir='ltr'><strong>jure</strong></span> <span class='ocrx_word' id='word_1_202' title='bbox 943 3075 1138 3182; x_wconf 85' lang='lat' dir='ltr'><strong>legibusque</strong></span> <span class='ocrx_word' id='word_1_203' title='bbox 1149 3096 1272 3183; x_wconf 86' lang='lat' dir='ltr'><strong>arctius</strong></span> 
     </span>
     <span class='ocr_line' id='line_1_27' title="bbox 153 3195 1269 3302; baseline 0 -40"><span class='ocrx_word' id='word_1_204' title='bbox 153 3197 328 3284; x_wconf 82' lang='lat' dir='ltr'><strong>copularet</strong></span> <span class='ocrx_word' id='word_1_205' title='bbox 342 3196 481 3280; x_wconf 88' lang='lat' dir='ltr'><strong>Atticos,</strong></span> <span class='ocrx_word' id='word_1_206' title='bbox 502 3195 613 3262; x_wconf 85' lang='lat' dir='ltr'><strong>hanc</strong></span> <span class='ocrx_word' id='word_1_207' title='bbox 603 3220 708 3286; x_wconf 87' lang='lat' dir='ltr'><strong>rpsam</strong></span> <span class='ocrx_word' id='word_1_208' title='bbox 724 3196 846 3286; x_wconf 79' lang='lat' dir='ltr'><strong>Cretici</strong></span> <span class='ocrx_word' id='word_1_209' title='bbox 868 3219 962 3302; x_wconf 80' lang='lat' dir='ltr'><strong>regni</strong></span> <span class='ocrx_word' id='word_1_210' title='bbox 952 3195 1149 3265; x_wconf 87' lang='lat' dir='ltr'><strong>formam</strong></span> <span class='ocrx_word' id='word_1_211' title='bbox 1140 3219 1175 3262; x_wconf 90' lang='lat' dir='ltr'><strong>m</strong></span> <span class='ocrx_word' id='word_1_212' title='bbox 1189 3196 1269 3284; x_wconf 73' lang='lat' dir='ltr'><strong>mpl-</strong></span> 
     </span>
     <span class='ocr_line' id='line_1_28' title="bbox 154 3297 578 3366; baseline -0.007 -2"><span class='ocrx_word' id='word_1_213' title='bbox 154 3301 198 3364; x_wconf 91' lang='lat' dir='ltr'><strong>tis</strong></span> <span class='ocrx_word' id='word_1_214' title='bbox 222 3299 387 3364; x_wconf 89' lang='lat' dir='ltr'><strong>imitatum</strong></span> <span class='ocrx_word' id='word_1_215' title='bbox 408 3297 521 3366; x_wconf 83' lang='lat' dir='ltr'><strong>fuisse.</strong></span> <span class='ocrx_word' id='word_1_216' title='bbox 574 3307 578 3313; x_wconf 88' lang='lat'><em>&#39;</em></span> 
     </span>
    </p>

    <p class='ocr_par' dir='ltr' id='par_1_3' title="bbox 155 3397 1355 4208">
     <span class='ocr_line' id='line_1_29' title="bbox 244 3397 1269 3490; baseline 0.003 -24"><span class='ocrx_word' id='word_1_217' title='bbox 244 3401 321 3466; x_wconf 88' lang='lat' dir='ltr'><strong>Hoc</strong></span> <span class='ocrx_word' id='word_1_218' title='bbox 348 3409 461 3466; x_wconf 88' lang='lat' dir='ltr'><strong>tamen</strong></span> <span class='ocrx_word' id='word_1_219' title='bbox 487 3397 670 3486; x_wconf 87' lang='lat' dir='ltr'><strong>Plutarchi,</strong></span> <span class='ocrx_word' id='word_1_220' title='bbox 718 3401 969 3490; x_wconf 75' lang='lat' dir='ltr'><strong>locupletissimi</strong></span> <span class='ocrx_word' id='word_1_221' title='bbox 1003 3407 1078 3465; x_wconf 87' lang='lat' dir='ltr'><strong>auct</strong></span> <span class='ocrx_word' id='word_1_222' title='bbox 1079 3422 1146 3466; x_wconf 90' lang='lat' dir='ltr'><strong>0r1s</strong></span> <span class='ocrx_word' id='word_1_223' title='bbox 1153 3449 1162 3484; x_wconf 92' lang='lat'><strong>,</strong></span> <span class='ocrx_word' id='word_1_224' title='bbox 1204 3400 1269 3475; x_wconf 84' lang='lat' dir='ltr'><strong>fide</strong></span> 
     </span>
     <span class='ocr_line' id='line_1_30' title="bbox 155 3502 1274 3595; baseline -0.003 -22"><span class='ocrx_word' id='word_1_225' title='bbox 155 3505 345 3595; x_wconf 86' lang='lat' dir='ltr'><strong>perhibent,</strong></span> <span class='ocrx_word' id='word_1_226' title='bbox 366 3502 596 3592; x_wconf 80' lang='lat' dir='ltr'><strong>Epimenidem</strong></span> <span class='ocrx_word' id='word_1_227' title='bbox 614 3504 657 3569; x_wconf 89' lang='lat' dir='ltr'><strong>ab</strong></span> <span class='ocrx_word' id='word_1_228' title='bbox 678 3505 741 3570; x_wconf 88' lang='lat' dir='ltr'><strong>hac</strong></span> <span class='ocrx_word' id='word_1_229' title='bbox 757 3507 831 3592; x_wconf 78' lang='lat' dir='ltr'><strong>ipat</strong></span> <span class='ocrx_word' id='word_1_230' title='bbox 846 3503 955 3572; x_wconf 73' lang='lat' dir='ltr'><strong>insula</strong></span> <span class='ocrx_word' id='word_1_231' title='bbox 971 3503 1144 3570; x_wconf 87' lang='lat' dir='ltr'><strong>oriundum</strong></span> <span class='ocrx_word' id='word_1_232' title='bbox 1164 3524 1274 3576; x_wconf 74' lang='lat' dir='ltr'><strong>arces,</strong></span> 
     </span>
     <span class='ocr_line' id='line_1_31' title="bbox 156 3599 1273 3698; baseline 0.003 -24"><span class='ocrx_word' id='word_1_233' title='bbox 156 3611 325 3695; x_wconf 87' lang='lat' dir='ltr'><strong>situmque</strong></span> <span class='ocrx_word' id='word_1_234' title='bbox 344 3605 492 3672; x_wconf 87' lang='lat' dir='ltr'><strong>Athenas</strong></span> <span class='ocrx_word' id='word_1_235' title='bbox 513 3607 549 3670; x_wconf 94' lang='lat' dir='ltr'><strong>in</strong></span> <span class='ocrx_word' id='word_1_236' title='bbox 567 3606 658 3672; x_wconf 85' lang='lat' dir='ltr'><strong>civili</strong></span> <span class='ocrx_word' id='word_1_237' title='bbox 679 3605 858 3690; x_wconf 64' lang='lat' dir='ltr'><strong>discordie,</strong></span> <span class='ocrx_word' id='word_1_238' title='bbox 885 3605 1050 3673; x_wconf 89' lang='lat' dir='ltr'><strong>nonnullis</strong></span> <span class='ocrx_word' id='word_1_239' title='bbox 1072 3599 1273 3698; x_wconf 80' lang='lat' dir='ltr'><strong>praeceptio-¹</strong></span> 
     </span>
     <span class='ocr_line' id='line_1_32' title="bbox 155 3706 1323 3795; baseline 0.003 -19"><span class='ocrx_word' id='word_1_240' title='bbox 155 3712 257 3779; x_wconf 88' lang='lat' dir='ltr'><strong>nibus</strong></span> <span class='ocrx_word' id='word_1_241' title='bbox 296 3711 364 3776; x_wconf 86' lang='lat' dir='ltr'><strong>suis</strong></span> <span class='ocrx_word' id='word_1_242' title='bbox 401 3706 530 3774; x_wconf 84' lang='lat' dir='ltr'><strong>Solonis</strong></span> <span class='ocrx_word' id='word_1_243' title='bbox 566 3707 695 3795; x_wconf 87' lang='lat' dir='ltr'><strong>legibus</strong></span> <span class='ocrx_word' id='word_1_244' title='bbox 736 3709 911 3776; x_wconf 86' lang='lat' dir='ltr'><strong>salubriter</strong></span> <span class='ocrx_word' id='word_1_245' title='bbox 954 3709 1042 3774; x_wconf 85' lang='lat' dir='ltr'><strong>viam</strong></span> <span class='ocrx_word' id='word_1_246' title='bbox 1079 3714 1269 3784; x_wconf 73' lang='lat' dir='ltr'><strong>munivisse.</strong></span> <span class='ocrx_word' id='word_1_247' title='bbox 1321 3735 1323 3740; x_wconf 78' lang='grc'>’</span> 
     </span>
     <span class='ocr_line' id='line_1_33' title="bbox 158 3809 1355 3902; baseline 0.007 -27"><span class='ocrx_word' id='word_1_248' title='bbox 158 3813 370 3900; x_wconf 80' lang='lat' dir='ltr'><strong>Quamquam</strong></span> <span class='ocrx_word' id='word_1_249' title='bbox 395 3811 431 3876; x_wconf 87' lang='lat' dir='ltr'><strong>in</strong></span> <span class='ocrx_word' id='word_1_250' title='bbox 456 3809 546 3876; x_wconf 91' lang='lat' dir='ltr'><strong>illius</strong></span> <span class='ocrx_word' id='word_1_251' title='bbox 567 3811 666 3878; x_wconf 88' lang='lat' dir='ltr'><strong>rebus</strong></span> <span class='ocrx_word' id='word_1_252' title='bbox 694 3813 797 3878; x_wconf 90' lang='lat' dir='ltr'><strong>multa</strong></span> <span class='ocrx_word' id='word_1_253' title='bbox 824 3811 957 3900; x_wconf 88' lang='lat' dir='ltr'><strong>propius</strong></span> <span class='ocrx_word' id='word_1_254' title='bbox 980 3809 1099 3884; x_wconf 85' lang='lat' dir='ltr'><strong>absunt</strong></span> <span class='ocrx_word' id='word_1_255' title='bbox 1120 3835 1141 3880; x_wconf 88' lang='lat' dir='ltr'><strong>a</strong></span> <span class='ocrx_word' id='word_1_256' title='bbox 1160 3824 1269 3902; x_wconf 72' lang='lat' dir='ltr'><strong>poeta-</strong></span> <span class='ocrx_word' id='word_1_257' title='bbox 1354 3886 1355 3894; x_wconf 9' lang='grc' dir='ltr'>χ</span> 
     </span>
     <span class='ocr_line' id='line_1_34' title="bbox 156 3911 1270 4001; baseline 0.004 -23"><span class='ocrx_word' id='word_1_258' title='bbox 156 3939 233 3987; x_wconf 83' lang='lat' dir='ltr'><strong>rum</strong></span> <span class='ocrx_word' id='word_1_259' title='bbox 247 3915 455 3996; x_wconf 89' lang='lat' dir='ltr'><strong>commentis,</strong></span> <span class='ocrx_word' id='word_1_260' title='bbox 478 3935 576 4001; x_wconf 89' lang='lat' dir='ltr'><strong>quam</strong></span> <span class='ocrx_word' id='word_1_261' title='bbox 594 3912 636 3978; x_wconf 90' lang='lat' dir='ltr'><strong>ab</strong></span> <span class='ocrx_word' id='word_1_262' title='bbox 651 3916 844 3980; x_wconf 85' lang='lat' dir='ltr'><strong>auctoritate</strong></span> <span class='ocrx_word' id='word_1_263' title='bbox 864 3911 1029 3977; x_wconf 88' lang='lat' dir='ltr'><strong>historiae.</strong></span> <span class='ocrx_word' id='word_1_264' title='bbox 1074 3914 1142 3980; x_wconf 89' lang='lat' dir='ltr'><strong>Ubi</strong></span> <span class='ocrx_word' id='word_1_265' title='bbox 1162 3925 1270 3987; x_wconf 87' lang='lat' dir='ltr'><strong>autem</strong></span> 
     </span>
     <span class='ocr_line' id='line_1_35' title="bbox 158 4012 1321 4114; baseline 0.003 -32"><span class='ocrx_word' id='word_1_266' title='bbox 158 4017 262 4084; x_wconf 89' lang='lat' dir='ltr'><strong>semel</strong></span> <span class='ocrx_word' id='word_1_267' title='bbox 290 4017 422 4084; x_wconf 89' lang='lat' dir='ltr'><strong>altiores</strong></span> <span class='ocrx_word' id='word_1_268' title='bbox 449 4014 579 4080; x_wconf 90' lang='lat' dir='ltr'><strong>radices</strong></span> <span class='ocrx_word' id='word_1_269' title='bbox 606 4019 693 4109; x_wconf 87' lang='lat' dir='ltr'><strong>egit</strong></span> <span class='ocrx_word' id='word_1_270' title='bbox 694 4017 898 4114; x_wconf 80' lang='lat' dir='ltr'><strong>humanitas,</strong></span> <span class='ocrx_word' id='word_1_271' title='bbox 925 4012 973 4078; x_wconf 93' lang='lat' dir='ltr'><strong>ibi</strong></span> <span class='ocrx_word' id='word_1_272' title='bbox 997 4016 1122 4084; x_wconf 80' lang='lat' dir='ltr'><strong>nulls</strong></span> <span class='ocrx_word' id='word_1_273' title='bbox 1112 4040 1147 4084; x_wconf 88' lang='lat' dir='ltr'><strong>m</strong></span> <span class='ocrx_word' id='word_1_274' title='bbox 1176 4029 1270 4106; x_wconf 87' lang='lat' dir='ltr'><strong>parte</strong></span> <span class='ocrx_word' id='word_1_275' title='bbox 1318 4055 1321 4059; x_wconf 95' lang='lat'>·</span> 
     </span>
     <span class='ocr_line' id='line_1_36' title="bbox 157 4105 1270 4208; baseline -0.004 -21"><span class='ocrx_word' id='word_1_276' title='bbox 157 4145 221 4187; x_wconf 89' lang='lat' dir='ltr'><strong>nee</strong></span> <span class='ocrx_word' id='word_1_277' title='bbox 241 4119 396 4208; x_wconf 86' lang='lat' dir='ltr'><strong>publicae</strong></span> <span class='ocrx_word' id='word_1_278' title='bbox 418 4118 468 4184; x_wconf 89' lang='lat' dir='ltr'><strong>rei</strong></span> <span class='ocrx_word' id='word_1_279' title='bbox 488 4139 550 4182; x_wconf 90' lang='lat' dir='ltr'><strong>nec</strong></span> <span class='ocrx_word' id='word_1_280' title='bbox 570 4105 719 4207; x_wconf 83' lang='lat' dir='ltr'><strong>privatae</strong></span> <span class='ocrx_word' id='word_1_281' title='bbox 744 4119 822 4184; x_wconf 91' lang='lat' dir='ltr'><strong>sinit</strong></span> <span class='ocrx_word' id='word_1_282' title='bbox 808 4116 973 4184; x_wconf 86' lang='lat' dir='ltr'><strong>tefferari</strong></span> <span class='ocrx_word' id='word_1_283' title='bbox 1000 4125 1031 4182; x_wconf 91' lang='lat' dir='ltr'><strong>et</strong></span> <span class='ocrx_word' id='word_1_284' title='bbox 1053 4117 1270 4184; x_wconf 87' lang='lat' dir='ltr'><strong>obdurescere</strong></span> 
     </span>
    </p>

    <p class='ocr_par' dir='ltr' id='par_1_4' title="bbox 108 4218 1271 4408">
     <span class='ocr_line' id='line_1_37' title="bbox 159 4218 1270 4308; baseline -0.003 -20.787"><span class='ocrx_word' id='word_1_285' title='bbox 159 4221 408 4292; x_wconf 84' lang='lat' dir='ltr'><strong>suistudiosos.</strong></span> <span class='ocrx_word' id='word_1_286' title='bbox 452 4218 569 4307; x_wconf 89' lang='lat' dir='ltr'><strong>Itaque</strong></span> <span class='ocrx_word' id='word_1_287' title='bbox 590 4221 693 4307; x_wconf 84' lang='lat' dir='ltr'><strong>prisci</strong></span> <span class='ocrx_word' id='word_1_288' title='bbox 712 4221 763 4288; x_wconf 91' lang='lat' dir='ltr'><strong>illi</strong></span> <span class='ocrx_word' id='word_1_289' title='bbox 789 4220 892 4286; x_wconf 88' lang='lat' dir='ltr'><strong>Attici</strong></span> <span class='ocrx_word' id='word_1_290' title='bbox 913 4239 979 4283; x_wconf 92' lang='lat' dir='ltr'><strong>non</strong></span> <span class='ocrx_word' id='word_1_291' title='bbox 1004 4219 1100 4284; x_wconf 89' lang='lat' dir='ltr'><strong>modo</strong></span> <span class='ocrx_word' id='word_1_292' title='bbox 1126 4221 1270 4308; x_wconf 86' lang='lat' dir='ltr'><strong>peregri-</strong></span> 
     </span>
     <span class='ocr_line' id='line_1_38' title="bbox 108 4319 1271 4408; baseline 0.003 -22"><span class='ocrx_word' id='word_1_293' title='bbox 108 4373 113 4386; x_wconf 83' lang='lat'>.</span> <span class='ocrx_word' id='word_1_294' title='bbox 159 4345 279 4392; x_wconf 86' lang='lat' dir='ltr'><strong>norum</strong></span> <span class='ocrx_word' id='word_1_295' title='bbox 298 4325 442 4396; x_wconf 76' lang='lat' dir='ltr'><strong>artasia</strong></span> <span class='ocrx_word' id='word_1_296' title='bbox 462 4340 556 4391; x_wconf 85' lang='lat' dir='ltr'><strong>suam</strong></span> <span class='ocrx_word' id='word_1_297' title='bbox 581 4344 651 4391; x_wconf 88' lang='lat' dir='ltr'><strong>rem</strong></span> <span class='ocrx_word' id='word_1_298' title='bbox 672 4330 917 4404; x_wconf 87' lang='lat' dir='ltr'><strong>converterunt,</strong></span> <span class='ocrx_word' id='word_1_299' title='bbox 944 4342 1059 4386; x_wconf 85' lang='lat' dir='ltr'><strong>verum</strong></span> <span class='ocrx_word' id='word_1_300' title='bbox 1079 4319 1271 4408; x_wconf 73' lang='lat' dir='ltr'><strong>profluerunt</strong></span> 
     </span>
    </p>
   </div>
   <div class='ocr_carea' id='block_1_3' title="bbox 160 4423 1271 4584">
    <p class='ocr_par' dir='ltr' id='par_1_5' title="bbox 160 4423 1271 4584">
     <span class='ocr_line' id='line_1_39' title="bbox 160 4423 1271 4584; baseline 0 -94"><span class='ocrx_word' id='word_1_301' title='bbox 160 4427 260 4492; x_wconf 85' lang='lat' dir='ltr'><strong>etiam</strong></span> <span class='ocrx_word' id='word_1_302' title='bbox 280 4423 481 4514; x_wconf 83' lang='lat' dir='ltr'><strong>peregrinis,</strong></span> <span class='ocrx_word' id='word_1_303' title='bbox 503 4446 578 4491; x_wconf 88' lang='lat' dir='ltr'><strong>cum</strong></span> <span class='ocrx_word' id='word_1_304' title='bbox 597 4423 810 4514; x_wconf 86' lang='lat' dir='ltr'><strong>Pelasgorum</strong></span> <span class='ocrx_word' id='word_1_305' title='bbox 830 4444 964 4510; x_wconf 86' lang='lat' dir='ltr'><strong>agmen,</strong></span> <span class='ocrx_word' id='word_1_306' title='bbox 985 4422 1175 4584; x_wconf 54' lang='lat' dir='ltr'><strong>quppnopes</strong></span> <span class='ocrx_word' id='word_1_307' title='bbox 1196 4445 1271 4514; x_wconf 85' lang='lat' dir='ltr'><strong>sup·</strong></span> 
     </span>
    </p>
   </div>
   <div class='ocr_carea' id='block_1_4' title="bbox 0 0 1593 5192">
    <p class='ocr_par' dir='ltr' id='par_1_6' title="bbox 0 0 1593 5192">
     <span class='ocr_line' id='line_1_40' title="bbox 0 0 1593 5192; baseline 0 0"><span class='ocrx_word' id='word_1_308' title='bbox 0 0 1593 5192; x_wconf 95' lang='lat' dir='ltr'><strong> </strong></span> 
     </span>
    </p>
   </div>
  </div>
 </body>
</html>
