3167 5192
290 635 421 704 Nemeis
443 634 647 704 oouwnmr‘
673 633 766 702 Hsse
784 633 852 702 ille.
877 635 955 722 Ipse
973 642 1082 702 umen
1095 633 1299 718 nimiunn,
1319 634 1413 722 qnid

290 738 412 804 fretum
441 738 485 804 sit
506 739 570 806 isto
597 737 747 825 exemplo
766 736 901 804 Pindari
921 735 1142 820 Boeokhisni,
1172 737 1322 821 ΤΕωω,
1349 738 1414 804 uti

289 861 349 928 prr
375 847 440 922 est,
463 839 742 909 communicando.
786 839 840 907 De
862 838 1117 928 Wyttenbsohio
1141 841 1231 928 quod
1259 840 1412 928 quaeris,

289 943 354 1032 ipsi
371 941 525 1011 continuo
543 943 727 1031 significsvi
748 963 832 1031 quse
849 941 922 1008 Tus
940 941 1042 1010 fuerit
1062 943 1260 1010 miscitsntis
1282 941 1412 1010 sollici·
1489 996 1490 999 ,

262 1109 264 1114 .
289 1046 379 1132 tudo,
401 1067 507 1136 neque
525 1046 761 1114 internuntium
780 1046 853 1112 fore
872 1067 985 1112 esrum
998 1067 1118 1129 rerum,
1140 1067 1226 1134 quoe
1239 1044 1300 1110 ΤΕ
1317 1045 1412 1110 scire
1489 1092 1490 1095 ,

289 1149 465 1238 plurinum
492 1149 565 1216 Tus
585 1151 728 1239 intersit.
772 1148 868 1214 Nunc
886 1146 981 1221 binus
1000 1147 1078 1214 huic
1098 1146 1269 1236 Epistolse
1287 1146 1411 1212 literas

291 1251 455 1340 subjicere
475 1273 623 1340 possum,
646 1252 766 1318 alteras
787 1251 831 1316 sb
852 1251 930 1338 Ipso
950 1250 1052 1320 lstine
1071 1251 1163 1338 nepti
1183 1251 1219 1317 in
1238 1248 1409 1315 cslemum

290 1353 438 1440 dictstss,
457 1355 577 1422 ulter-ss
596 1355 640 1422 sb
663 1355 777 1422 ecdem
801 1353 1035 1440 francogallice
1050 1351 1095 1418 ed
1114 1374 1167 1420 ure
1189 1353 1339 1440 scriptus
1357 1390 1411 1402 -

290 1457 406 1544 Itaque
427 1455 519 1540 vsle,
546 1455 606 1522 Vir
621 1455 827 1524 Reverendo.
866 1454 1091 1543 Heidelbergs
1112 1454 1217 1536 dte,
1237 1455 1405 1523 111st.

217 1595 223 1608 =
290 1577 322 1628 s.
348 1561 438 1628 1813.

290 1747 325 1836 6)
347 1762 551 1814 nrrsnnnnrr
572 1761 744 1812 cssnzsru
757 1761 807 1810 sn
821 1761 1132 1813 wvrrnunrcuruu
1147 1761 1235 1812 rsus
1250 1763 1407 1830 aruns,

313 1867 406 1918 Auru
424 1865 540 1916 tumus
556 1863 754 1914 sn1r1ouurs
773 1865 954 1916 Pnornsl
969 1865 1023 1916 Du
1042 1865 1381 1926 runculrumrsu.

376 1969 482 2058 Igitur
489 1969 521 2056 ³⁸)
542 1967 737 2056 recipiemus
757 1989 819 2033 nos
838 1990 883 2034 ex
902 1968 965 2034 hec
981 1989 1097 2052 urens,
1125 1990 1191 2058 quo
1208 1971 1407 2056 pugnaciter

291 2069 502 2161 digladiando
524 2069 746 2138 Adversarius
766 2093 820 2138 me
837 2070 1022 2139 devooooe
1065 2071 1260 2139 Referemus
1283 2072 1405 2160 pedem

291 2177 327 2243 in
355 2184 459 2241 terrss
486 2171 626 2260 putriss3
661 2180 695 2238 et
722 2175 933 2241 memorando
961 2174 1196 2263 aliquantisper
1219 2175 1406 2241 revisamus

292 2280 399 2347 tuom
427 2276 601 2364 Bungium.
645 2273 851 2364 Quamquam
880 2276 956 2342 Tibi
986 2279 1094 2365 petr-is
1113 2284 1198 2343 'sunt
1228 2276 1337 2342 vireta
1358 2278 1404 2344 ad

291 2377 419 2448 radices
443 2377 587 2466 Alpium,
605 2376 664 2444 ubi
680 2377 822 2444 infantie
842 2379 915 2446 Tus
931 2381 1046 2466 vagiit,
1066 2377 1209 2468 pueritie
1222 2377 1311 2444 lusit.
1335 2376 1404 2446 &d

291 2492 401 2550 tomen
420 2489 513 2568 pater
533 2479 811 2546 adolescentulum
830 2480 878 2548 'l'e
903 2505 1014 2550 secum
1031 2482 1171 2553 obduxit
1189 2484 1224 2548 in
1245 2483 1403 2550 Hassisrn

291 2593 436 2652 nostrum
455 2583 611 2670 potr-ism
639 2582 696 2648 ubi
724 2583 915 2671 adjunctum
935 2584 1087 2652 'Pedieis
1108 2586 1238 2673 Bsngio
1257 2595 1403 2654 suctum-

291 2704 356 2778 qne
383 2685 427 2752 sb
458 2707 497 2752 ee
525 2685 663 2750 seientia
689 2694 725 2750 et
747 2685 916 2754 literarum
937 2690 1109 2756 incensum
1135 2688 1257 2776 insigni
1278 2701 1401 2756 amors.
1489 2690 1490 2703 ¹

292 2791 406 2880 Neque
434 2811 514 2856 vero
540 2787 782 2873 illevicissim,
809 2798 846 2855 ut
869 2789 908 2856 fit
933 2791 1020 2858 inter
1040 2792 1167 2857 amicos
1190 2792 1405 2860 honestorum

292 2894 400 2964 studio
422 2915 532 2960 rerum
553 2899 787 2976 concertantes,
807 2913 874 2958 non
893 2893 1104 2981 permutem
1117 2902 1220 2961 semet
1233 2896 1404 2964 trsnsffls

292 3021 336 3064 ex
362 2997 436 3078 Tun
460 2995 593 3082 ingenio
617 2993 810 3063 laetatam.
854 2995 938 3083 Elius
967 2996 1222 3063 consuetudinis
1240 3019 1307 3063 non
1336 2997 1402 3064 dici

291 3107 399 3188 potest
414 3119 512 3188 quam
527 3096 644 3164 ardens
659 3105 773 3183 pestes
784 3097 888 3164 Vobis
900 3098 1060 3164 insederit
1074 3098 1283 3172 desiderium.
1304 3100 1400 3183 Quod

292 3201 425 3290 quidem
451 3203 486 3266 in
518 3200 567 3266 Te
590 3207 658 3266 tem
682 3199 802 3267 efficax
822 3200 899 3284 fuit,
931 3209 968 3266 ut
999 3201 1085 3267 serio
1114 3201 1309 3268 meditarere
1337 3225 1400 3292 quo

292 3304 389 3372 modo
414 3305 458 3388 is,
486 3303 515 3368 si
534 3304 642 3368 minus
659 3305 694 3369 in
716 3303 831 3370 ecdem
850 3303 949 3388 urbe,
975 3312 1199 3371 verumtamen
1217 3305 1401 3394 propinqus

363 3579 389 3648 *)
405 3583 465 3645 Quo
483 3581 631 3636 studiosius
648 3600 698 3651 ego
711 3584 740 3634 in
752 3581 956 3650 Wyttsnbnchii
975 3585 1098 3651 epistolis
1112 3585 1317 3662 opprimendum
1335 3586 1399 3637 duxi

294 3667 426 3734 quidquid
444 3669 497 3718 viri
522 3673 617 3736 optimi
642 3671 689 3722 sed
707 3672 876 3723 senescentis
894 3676 921 3722 et
938 3671 1079 3724 irritabilis
1098 3673 1211 3724 nimium
1227 3674 1257 3723 in
1273 3673 1398 3726 adverse-

293 3757 349 3808 rics
367 3755 505 3807 videretur
526 3759 690 3810 cerimoniae
708 3757 823 3810 habere:
848 3757 900 3810 hoc
916 3760 1004 3810 minus
1025 3760 1070 3811 hic
1088 3776 1121 3811 es
1140 3760 1289 3827 repetenda
1308 3762 1397 3812 existi-

294 3844 381 3916 μηνί,
410 3857 480 3909 quse
506 3845 566 3910 ipse
588 3845 616 3895 in
641 3846 732 3911 priore
756 3845 852 3896 hurum
878 3845 1032 3898 Litercrum
1059 3853 1139 3914 perte
1160 3847 1195 3899 sd
1224 3848 1397 3900 evertendam

294 3931 447 3984 Tittmsnni
464 3929 592 3996 injurium
608 3949 766 4000 posuersm,
784 3934 929 4000 prescipue
946 3935 1019 4001 quod
1036 3935 1208 3988 Godofredus
1225 3935 1397 4010 Hermunnus

293 4036 369 4072 mens
406 4035 449 4072 me
477 4021 598 4072 suaviter
627 4025 781 4085 muneret,
816 4038 849 4074 ea
877 4021 1075 4089 eliquentulum
1104 4023 1213 4076 modum
1239 4024 1396 4096 excessisse

294 4136 329 4148 -
347 4109 474 4160 Ceterum
491 4108 613 4160 Tovius
629 4125 692 4178 pag.
710 4109 913 4163 VII-XXIX.
931 4116 996 4162 unte
1013 4110 1190 4164 Plotinum
1203 4111 1246 4162 de
1261 4106 1396 4164 Pulcri-

294 4193 418 4247 tudine
437 4195 479 4248 ed.
496 4196 548 4248 Fr.
567 4195 719 4247 Greuzer.
734 4194 910 4264 Heidelberg.
929 4196 1006 4263 1814,
1026 4203 1053 4249 et
1066 4198 1173 4249 confer:
1188 4198 1288 4250 David.
1307 4199 1396 4251 Ruhn-

294 4281 379 4345 lrenii,
396 4281 468 4334 Lude
480 4281 562 4349 Cusp.
576 4281 750 4335 Valckenarii
768 4287 797 4333 et
808 4283 929 4335 Aliorum
946 4285 981 4336 ad
997 4280 1060 4338 Joh.
1077 4286 1148 4352 Aug.
1166 4286 1277 4337 Ernesti
1289 4287 1395 4352 Episto-

294 4339 347 4420 lse'.
382 4368 424 4422 Er
441 4369 625 4436 Autographis
645 4369 731 4422 edidit
748 4369 812 4422 Joh.
829 4369 899 4435 Aug.
918 4371 1003 4424 Hens.
1021 4362 1210 4436 Tittmann,
1226 4371 1302 4423 Proi.
1320 4373 1393 4442 Lips.

295 4453 372 4524 Lips.
390 4457 471 4511 1812,
