3167 5192
252 613 351 679 Anno
376 610 425 677 ibi
449 618 483 679 et
508 633 569 688 sex
594 610 768 682 mensibus·
789 612 966 680 consumtis
988 612 1180 699 Gottingam
1202 632 1278 681 cou-¹

106 798 113 810 ι
162 714 271 779 cessit
292 718 511 789 Trademosnus
539 715 664 802 (1767).
708 712 776 779 Ubi
797 712 973 781 Kaestneri
992 713 1166 801 disciplina
1186 737 1279 801 usus,

161 837 269 902 quum
287 814 473 883 Matbeseos
488 815 674 884 incredibili
692 816 801 883 studio
820 824 994 900 teneretur,
1016 815 1192 902 implicitus
1206 818 1277 905 qui-

160 917 307 983 busdam
321 917 583 1001 difficultatibus,
601 940 685 1005 quae
699 939 742 981 ex
756 916 898 1003 Analysi
913 915 1140 1004 objicerentur,
1162 903 1279 988 scdulo

160 1017 309 1103 instans,
338 1019 427 1087 idem
454 1022 511 1109 qui
535 1028 672 1085 venerat
693 1022 827 1101 iterum,
859 1020 991 1085 tertium
1014 1019 1107 1085 abiit.
1126 1064 1127 1071 .
1151 1020 1275 1107 Itaque,

161 1141 241 1185 cum
261 1122 403 1187 maxime
423 1144 460 1189 se
480 1144 537 1187 eas
554 1143 608 1187 res
626 1121 840 1187 enodaturnm
862 1120 1077 1208 desperasset,
1098 1121 1275 1195 Mathema-

159 1222 304 1287 ticarum
326 1223 575 1310 disciplinarum
595 1223 739 1290 studium
758 1246 825 1292 non
846 1223 969 1311 abjecit
990 1225 1046 1291 ille
1067 1224 1212 1312 quidem,
1242 1232 1278 1291 at

161 1321 198 1383 in
218 1324 430 1391 maturiorem
447 1334 586 1391 aetatem
609 1324 734 1412 rejecit.
772 1324 865 1406 Quae
879 1335 988 1393 tamen
1003 1328 1170 1410 redeundi,
1188 1326 1283 1421 unde·
1396 1340 1404 1359 ‘

160 1431 245 1491 tune
261 1424 405 1511 abierat,
437 1427 680 1515 opportunitas,
706 1428 778 1515 ipso
798 1426 944 1513 dolente,
966 1450 1142 1518 numquam
1163 1437 1277 1515 postea

163 1525 245 1592 data
266 1536 327 1593 est.

250 1628 393 1715 Logices
414 1632 606 1717 magistrum
629 1630 809 1697 Weberum
831 1628 989 1697 adhibuit.
1034 1632 1142 1713 Quum
1160 1634 1189 1699 is
1211 1634 1276 1699 sin·

161 1729 320 1814 galerum
344 1733 578 1799 sententiarum
600 1735 825 1801 'metissimam
852 1743 884 1801 et
904 1736 997 1822 quasi
1016 1736 1278 1809 mathematicam

163 1832 417 1919 copulationem,
437 1833 529 1902 velut
544 1839 702 1903 munitam
715 1836 922 1925 pbalangem,
944 1836 1058 1903 ordine
1072 1838 1213 1922 duceret,
1236 1862 1278 1905 ea

163 1934 301 2021 quidem
319 1938 402 2002 ratio
423 1937 508 2003 hanc
528 1940 597 2005 vim
617 1940 741 2023 habuit,
761 1948 799 2005 ut
819 1943 1034 2007 chdcmaaaus
1046 1940 1189 2029 reliquas
1204 1942 1277 2029 phi«¹

163 2035 336 2123 losopbiae
357 2046 467 2124 partes
487 2040 523 2105 in
543 2040 634 2109 aliud
654 2050 782 2129 tempus
799 2040 930 2107 differre
947 2044 1168 2126 constitueret,
1190 2045 1275 2111 veri-

163 2145 229 2222 tus,
250 2160 303 2223 ne,
325 2140 434 2207 sibae
453 2144 510 2215 via
530 2144 660 2231 longius
681 2144 910 2231 processisset,
932 2142 1035 2209 libere
1051 2143 1275 2234 philosophari
1400 2164 1405 2189 ¹

165 2240 360 2307 dedisceret.
389 2243 503 2333 Neque
525 2248 612 2314 enim
634 2246 812 2335 quidquam
828 2244 900 2331 jam
919 2254 987 2311 tum
1002 2267 1120 2313 cavere
1136 2246 1274 2332 diligen·
1386 2250 1412 2344 „¹

162 2344 241 2428 tius,
263 2366 361 2431 quom
382 2368 425 2411 ne
451 2348 604 2437 cuiquam
623 2355 810 2415 auctoratus
832 2347 927 2417 foret.
972 2349 1082 2431 Quare
1103 2348 1271 2436 metaphy-

165 2446 252 2513 siees
279 2446 525 2540 ambiguitatem
551 2459 585 2517 et
614 2450 805 2517 discrimina
831 2457 909 2515 tuno
938 2448 1068 2539 quidem
1096 2450 1277 2536 refugiens,

165 2549 371 2637 diligentiori
384 2551 555 2619 <humanae
575 2561 712 2620 naturae
731 2551 953 2617 observationi
976 2572 1047 2619 sese
1068 2552 1147 2619 dare
1165 2552 1276 2619 deore-
1330 2625 1336 2629 ,

164 2654 231 2738 vit,
259 2675 357 2741 quam
377 2654 512 2739 deinde,
532 2654 624 2721 velut
643 2655 807 2723 Ariadnes
828 2652 935 2737 filum,
957 2662 1101 2738 secutus,
1123 2656 1276 2744 sperabat

165 2758 269 2823 tutius
291 2777 365 2826 sese
385 2755 579 2845 feliciusque
598 2758 812 2845 repetiturum
831 2755 1005 2821 esseillius
1023 2754 1201 2844 labyrinthi
1220 2780 1277 2823 an·

164 2859 301 2925 fractus.
344 2858 459 2947 Itaque
481 2858 606 2928 Rollini
633 2882 708 2938 curn
735 2858 871 2942 librum,
900 2880 963 2945 quo
991 2858 1190 2927 Graecorum
1211 2859 1274 2927 Ro·

165 2984 402 3049 munerumque
422 2970 570 3028 veterum
590 2985 645 3028 res
665 2970 848 3044 narrantur,
871 2960 1016 3027 studiose
1032 2961 1121 3048 legit.
1166 2961 1276 3049 Magis

165 3068 266 3133 etiam
290 3062 512 3131 delectabatur
539 3063 718 3151 Fieldingii
743 3064 846 3149 Angli
870 3061 990 3127 fabulis
1016 3065 1273 3149 romanensibus,

165 3168 286 3257 quibus
318 3166 483 3233 hominum
512 3188 620 3231 mores
651 3166 694 3231 ad
727 3167 840 3232 vivum
869 3166 1057 3252 pinguntur.
1115 3166 1273 3257 Quaeque

164 3281 244 3339 tunc
264 3271 409 3337 omnium
428 3289 483 3333 ore
504 3267 702 3352 ferebantur,
720 3269 874 3334 Russavii
890 3267 1019 3355 placita,
1043 3290 1082 3333 ea
1101 3273 1273 3339 roccacon-

165 3398 223 3443 cus
244 3376 282 3440 in
302 3393 434 3439 suorum
455 3370 637 3438 studiorum
656 3393 751 3437 usum
770 3378 960 3437 convertere
983 3372 1098 3459 coepit.
1133 3370 1205 3453 Quo
1217 3374 1272 3448 ¹in-

165 3479 281 3567 primis
311 3473 497 3563 pertinebat
527 3473 626 3561 hdjus
652 3475 820 3561 scriptoris
848 3472 1009 3539 Aemilius
1041 3483 1075 3541 et
1102 3476 1159 3563 qui
1189 3474 1273 3543 liber
1326 3550 1330 3561 ,

166 3578 306 3647 Heloiso
322 3577 521 3643 inscribitur.
1184 3572 1187 3585 ²
1320 3592 1321 3601 ¹

250 3679 403 3748 Ceterum
422 3677 606 3765 theologiae
628 3678 808 3745 doctrinam
830 3678 895 3745 sibi
923 3676 1104 3764 delegerat,
1135 3677 1271 3767 ejusque

166 3782 344 3853 discendae
373 3782 480 3868 gratia
509 3789 648 3868 epatre
675 3781 865 3867 Gottingam
892 3781 1011 3848 missus
1044 3789 1117 3856 erat
1133 3780 1271 3850 Noster.

168 3889 242 3971 Quo
261 3884 397 3977 oonsilio
421 3884 599 3970 exegeticis
617 3884 687 3971 jam
709 3891 741 3949 et
758 3884 950 3971 dogmaticis
965 3882 1157 3950 lectionibus
1173 3884 1271 3951 inter·

167 4012 241 4057 esse
260 3988 378 4076 eoepit.
407 3984 505 4067 Quod
525 4006 599 4054 cum
619 3985 743 4051 faceret
761 3986 956 4053 Meinersius
972 3986 1162 4073 Gottingam
1177 3987 1271 4072 redit,
1296 4044 1304 4053 .

168 4093 225 4181 qui
253 4111 313 4158 sex
337 4110 466 4155 menses
493 4089 528 4153 in
556 4089 663 4176 patria
688 4096 901 4175 transegerat.
945 4089 1020 4155 Jam
1040 4089 1145 4156 denuo
1167 4091 1272 4177 repeti

168 4194 277 4283 eoepit
291 4190 456 4280 reoolique
474 4186 614 4280 pristino
634 4189 701 4276 illa,
724 4190 784 4257 sed
805 4200 936 4258 recente
957 4190 1203 4277 ardentioreque
1222 4191 1270 4255 in-

169 4296 309 4378 dustria,
335 4295 424 4361 vitae
451 4294 696 4382 studiorumque
723 4295 872 4361 societas.
916 4294 1055 4382 Jamque
1073 4293 1269 4385 metaphysi-

169 4420 241 4467 cam
266 4397 428 4483 attingere
453 4405 587 4467 conatus
612 4405 663 4463 est
692 4400 922 4485 Tiedemonnas,
953 4420 1027 4469 oum
1055 4405 1086 4468 et
1104 4395 1216 4467 Wolfii
1238 4403 1270 4469 a
