3167 5192
283 447 348 514 rte

284 617 384 686 deria.
427 615 535 684 Velim
551 616 666 704 igitur,
688 615 776 705 quod
797 623 831 682 et
847 617 939 704 prins
959 629 1091 682 monem
1111 638 1166 681 me
1184 617 1332 699 memini,
1354 632 1408 680 ea

190 705 197 720 ⁸
284 741 372 786 nuuc
395 721 598 808 potissimum
619 718 696 786 Tibi
722 720 815 784 cordi
833 721 914 802 aiut,
959 741 1022 785 nae
1047 719 1118 784 aine
1144 720 1225 784 viva
1251 718 1406 784 doctoris

196 868 221 880 .«
285 843 367 888 voce
398 822 504 886 minus
535 819 704 886 commode
734 822 977 908 percipiuntur,
1010 844 1075 908 qno
1104 823 1141 886 in
1168 840 1291 907 genere
1320 827 1408 884 sunt

285 945 394 992 rerum
421 945 495 988 oum
519 921 821 994 mathematicamm
846 933 916 987 tum
942 923 1154 1011 physicarum
1173 921 1292 988 studia.
1337 918 1406 984 Hi-
1441 981 1448 988 .

286 1025 407 1090 ateriae
431 1021 683 1090 Ecclesiasticae
704 1022 843 1090 scientia
863 1047 883 1091 e
903 1025 1014 1091 multia
1034 1026 1103 1114 peti
1123 1025 1217 1090 libris
1237 1022 1330 1088 nullo
1349 1023 1405 1086 in·

285 1127 455 1194 oommodo
475 1135 592 1214 potest,
615 1125 676 1192 sed
693 1137 840 1214 praestat
862 1127 1026 1215 quoddam
1048 1127 1120 1213 eJ'ua
1141 1126 1233 1192 filum
1250 1145 1313 1212 per
1330 1124 1405 1196 ido<

286 1249 384 1294 neum
401 1229 593 1316 magistrum
614 1227 677 1294 cito
699 1229 984 1315 comprehendere.
1013 1230 1129 1317 Neque
1144 1249 1225 1294 vcro
1245 1227 1404 1311 exegesis

287 1339 338 1396 eet
366 1330 559 1412 omittenda,
588 1327 646 1393 sed
674 1330 734 1412 ita,
762 1339 800 1396 ut
821 1331 899 1396 dum
921 1335 1088 1398 sacrarum
1108 1331 1277 1396 literarum
1298 1329 1404 1391 inter·

287 1441 412 1522 pretcm
432 1430 567 1514 andis,
558 1451 629 1517 ipse
645 1430 776 1517 judices
796 1435 905 1518 tacite,
926 1443 1048 1523 quanta
1065 1433 1234 1527 literarum
1255 1453 1322 1496 non
1336 1429 1404 1494 L'a·

287 1536 430 1600 tinamm
446 1534 544 1600 modo
566 1545 599 1600 et
620 1536 837 1619 Graecarum,
863 1537 923 1603 sed
941 1534 1159 1602 Orientalium
1178 1555 1260 1622 opus
1279 1534 1323 1598 sit
1344 1555 1404 1620 ap-

288 1645 421 1724 paratu,
448 1638 478 1702 si
505 1643 578 1728 quia
607 1639 689 1706 velit
715 1637 891 1727 aliquando
917 1639 1015 1704 hoc
1005 1661 1042 1702 m
1062 1657 1183 1724 genere
1202 1657 1271 1702 non
1292 1636 1406 1700 dicam
1435 1723 1440 1736 .

289 1759 363 1804 oum
385 1736 482 1805 laude
502 1743 638 1826 versari,
661 1741 806 1810 sednon
820 1743 960 1829 turpiter
981 1761 1017 1806 ae
1036 1739 1124 1824 dare,
1147 1758 1245 1828 quam
1258 1738 1406 1858 peritum

290 1847 399 1928 atque
410 1843 624 1910 exercitatum
641 1844 806 1910 hominem
829 1865 902 1908 ease
922 1843 1055 1926 deceat,
1079 1850 1111 1907 et
1131 1863 1229 1931 quam
1250 1842 1323 1906 aine
1341 1839 1407 1904 bac

172 1985 175 1994 ι
290 1940 446 2011 facultate
464 1944 586 2032 frigeat
607 1945 798 2032 Theologia.

376 2044 474 2127 Quod
490 2044 665 2132 σύνταγμα
685 2047 784 2132 illud,
807 2050 896 2138 quod
915 2049 1032 2136 Hagae
1054 2057 1131 2115 ante
1151 2048 1213 2114 hoc
1232 2045 1409 2112 biennium

289 2149 469 2235 praemium
490 2150 683 2238 reportavit,
719 2149 797 2216 Tibi
818 2152 903 2216 mitti
925 2153 1034 2239 cupis,
1061 2173 1126 2239 qno
1147 2150 1258 2236 legere
1276 2148 1407 2235 poesie:

290 2269 357 2316 non
385 2250 420 2316 id
443 2261 493 2316 est
513 2252 585 2338 ejus
607 2253 737 2336 generis
743 2299 753 2334 ,
787 2249 876 2340 quod
896 2263 953 2317 ant
976 2255 1063 2318 mitti
1085 2251 1270 2334 commode,
1295 2258 1354 2315 aut
1370 2258 1410 2314 ut

269 2369 379 2438 *nnnc
399 2354 530 2440 quidem
552 2362 616 2437 est,
644 2353 760 2418 studiis
781 2354 863 2420 Tuis
889 2355 1049 2420 inservire
1070 2375 1268 2442 magnopere
1286 2353 1407 2441 poerit.

293 2450 464 2522 'l'raetabis
485 2456 595 2541 igitur,
618 2477 692 2520 cum
715 2456 869 2539 redieris,
892 2455 964 2523 Tuo
985 2455 1156 2521 arbitratu.
1201 2456 1285 2521 Τιιιιι
1301 2455 1408 2520 etiam

292 2552 401 2640 plura,
424 2577 509 2642 quae
531 2557 668 2644 epistola
688 2579 755 2623 nou
776 2557 877 2645 capit,
899 2557 946 2647 de-
959 2548 1187 2624 Professorum
1211 2557 1354 2643 ingeniis
1374 2565 1409 2620 et

293 2655 334 2722 de
355 2665 424 2723 tcta
442 2658 507 2722 ieta
528 2660 790 2746 peregrinatione
814 2661 995 2748 exquiram.
1025 2661 1082 2726 Me
1097 2669 1211 2727 versat
1229 2681 1318 2725 nunc
1339 2681 1408 2724 ma·

291 2757 381 2826 xime
412 2758 588 2846 disputatio
621 2782 688 2826 une
717 2762 859 2849 itemque
889 2762 995 2829 altera
1021 2782 1134 2828 menae
1158 2764 1247 2848 Aug.
1274 2761 1408 2848 Hagam

279 2859 336 2926 -ad
357 2869 521 2928 certamen
540 2863 775 2928 mittenda.·--
796 2862 870 2950 Ego
890 2856 1001 2950 valeo,
1024 2866 1054 2930 ai
1075 2887 1140 2932 non
1158 2868 1295 2954 optime,
1315 2873 1352 2930 at
1370 2874 1409 2931 ut

293 2963 367 3028 Deo
385 2985 527 3029 summas
541 2965 663 3050 gratiae
683 2987 789 3052 agam.
822 2965 890 3030 Mei
911 2988 1024 3034 omnes
1042 2976 1130 3034 recte
1147 2968 1269 3078 valent,
1291 2967 1408 3065 Teque

294 3064 505 3149 cumfratre,
527 3089 623 3155 quem
640 3089 713 3134 meo
736 3068 834 3132 etiam
854 3069 987 3135 nomine
1006 3071 1165 3137 salutabis
1189 3052 1320 3159 optime,
1344 3060 1408 3137 sal·

293 3187 373 3234 vere
387 3167 518 3254 jubent.
563 3169 655 3235 Vale
678 3169 782 3236 Sorib.
804 3169 837 3234 d.
858 3169 991 3238 XXXI
1007 3171 1091 3260 Maji
1112 3176 1164 3238 91.
1177 3173 1211 3256 *)

300 3295 504 3313 m

286 3378 288 3388 ’
365 3359 392 3427 *)
411 3362 454 3412 De
470 3360 523 3433 hoc
540 3361 598 3412 viro
623 3361 687 3414 vide
702 3377 775 3416 nunc
791 3364 874 3418 Vitae
888 3383 965 3420 meae
981 3365 1217 3418 adumbrationem
1233 3383 1261 3432 p.
1281 3368 1314 3420 14
1324 3370 1419 3422 -16.··

295 3476 330 3488 -
348 3447 393 3500 Me
410 3465 476 3500 vero
494 3447 566 3516 quod
589 3448 702 3514 attinet,
729 3451 915 3516 Epistularum
938 3453 1107 3519 aliorumque
1124 3443 1296 3520 Scriptorum
1312 3471 1408 3521 canae,

295 3549 408 3599 quornm
432 3534 537 3602 aliquot
554 3535 702 3600 specimina
719 3535 863 3588 hincinde
885 3555 972 3606 usqne
988 3541 1023 3592 ad
1046 3539 1126 3591 finem
1143 3541 1225 3606 hujus
1245 3540 1308 3592 libri
1328 3559 1348 3594 a
1364 3561 1408 3618 me

296 3619 501 3684 exhibebuntur,
519 3623 648 3672 Lectores
667 3621 818 3692 admonitos
831 3623 903 3688 volo,
921 3643 964 3676 me
985 3644 1056 3678 anno
1075 3628 1151 3680 1800.
1164 3629 1305 3696 Marburgi
1323 3630 1406 3696 Chat.

295 3713 384 3758 torum
402 3709 518 3773 primum
536 3707 693 3758 cathedram
712 3723 772 3760 case
790 3715 901 3761 nactum
919 3714 1043 3780 Linguae
1061 3715 1196 3779 Graecae,
1214 3717 1311 3768 deinde
1328 3719 1405 3770 bien·

295 3796 341 3847 nio
356 3800 420 3860 poet
435 3795 621 3846 Professorem
638 3795 819 3862 Eloquentiae
840 3813 901 3848 ease
917 3800 1020 3851 lactum
1037 3800 1167 3866 indeque,
1190 3803 1278 3854 altero
1295 3806 1405 3858 biennio

297 3885 394 3934 exaeto
418 3880 499 3945 1804,
525 3881 560 3932 ad
583 3897 681 3932 munus
707 3885 903 3948 professoriam
927 3887 1082 3938 Literarum
1111 3889 1322 3958 Heidelbergam
1346 3879 1406 3946 ease

296 3971 439 4030 vocatum,
457 3969 602 4033 utrobique
619 3973 726 4034 autem,
748 3977 858 4036 praeter
874 3974 998 4040 privatas
1015 3975 1155 4040 Epistolaa
1173 3977 1297 4045 aliasque
1315 3981 1404 4048 Serip·

210 4072 224 4079 -
297 4055 400 4118 tiones,
419 4053 485 4104 mihi
502 4053 624 4120 publicae
642 4056 741 4106 multas
756 4059 902 4126 variasque
921 4062 1130 4115 conscribendas
1149 4064 1248 4127 iuiaae3
1266 4083 1335 4132 quas
1352 4070 1404 4120 sin-

297 4137 375 4206 gulae
393 4141 418 4190 ai
440 4139 485 4190 vel
501 4139 640 4192 breviatas
664 4141 727 4196 huic
748 4143 817 4196 libro
837 4147 956 4199 inserere
973 4147 1067 4212 velim,
1091 4151 1239 4202 verendum
1257 4154 1308 4217 sit,
1332 4172 1368 4207 ne
1382 4158 1404 4207 is

297 4227 326 4276 in
353 4221 450 4278 molem
478 4227 588 4278 nimiam
613 4235 790 4284 excreseeret.
826 4233 905 4284 Unde
927 4230 1079 4286 consultum¹
1104 4237 1272 4303 existimavi,
1303 4240 1356 4292 hec
1379 4244 1405 4294 in

207 4318 238 4344 ‘¹
298 4311 442 4364 Volumina
464 4313 630 4382 singulorum
652 4329 780 4382 generum
802 4320 911 4370 nonnisi
933 4321 1066 4388 Exempla
1087 4321 1235 4376 includere.
1255 4361 1260 4370 .
1280 4327 1404 4380 Ceterum

299 4397 428 4453 Lectores
447 4402 591 4457 conferant
607 4403 700 4456 Vitam
716 4417 806 4457 meam
821 4421 850 4473 p.
866 4404 902 4457 dd
917 4403 986 4476 sqq.
998 4414 1026 4462 et
1039 4425 1067 4478 p.
1086 4409 1137 4462 209
1153 4423 1214 4478 sqq.
