3167 5192
295 475 357 536 234

262 641 366 710 ·cule
396 651 462 727 est,
498 651 532 708 et
562 641 738 708 Beltlserus
771 642 947 710 meditatur
978 643 1120 710 reditum
1150 649 1186 710 in
1219 644 1411 731 Belgicam

224 755 229 765 ‘
293 744 396 832 Spero
420 753 530 812 sutem
550 744 637 829 fore,
664 751 700 810 ut
720 744 787 810 alio
811 753 957 833 tempore
975 753 1010 811 et
1029 746 1066 810 in
1084 745 1237 833 Belgium
1253 749 1411 835 proticis-

293 869 350 914 csr
368 856 402 912 et
426 869 506 912 vero
527 849 563 912 in
579 847 752 913 Bataviam
773 847 926 914 Vestram
950 869 989 914 ac
1014 841 1189 936 prashipne
1210 849 1412 936 Trajectnm
1498 908 1499 911 ,

293 950 336 1015 ad
355 949 519 1034 Rhenum,
539 949 828 1038 Heustlianamqne
842 950 974 1016 domum
993 950 1119 1016 adeam
1162 951 1237 1016 Hoc
1257 961 1345 1020 corte
1366 956 1412 1018 in

292 1053 378 1118 votis
400 1063 460 1120 est.
504 1053 588 1118 Amo
610 1054 658 1118 Te
676 1053 853 1142 plurimum
872 1053 914 1118 de
928 1071 1062 1118 munere
1083 1050 1308 1120 Bibliothecae
1327 1055 1410 1122 eri-

290 1155 376 1220 ticae
389 1153 435 1218 11.
480 1155 628 1222 Necdum
647 1156 734 1222 enim
754 1155 903 1222 videram
923 1153 1008 1222 hanc
1019 1163 1146 1243 partem
1163 1155 1272 1222 bonae
1291 1157 1409 1244 hugis

290 1255 524 1344 plenissimam.
563 1257 637 1343 Ego
654 1267 742 1324 certe
756 1267 850 1345 grato
867 1278 995 1346 semper
1009 1259 1118 1324 animo
1132 1259 1167 1322 in
1179 1281 1275 1324 usnm
1287 1283 1407 1326 meum

291 1365 495 1444 convertam,
516 1360 676 1448 quidquid
698 1383 738 1426 ea
757 1361 963 1428 Bibliotheca
982 1361 1025 1426 sd
1048 1361 1186 1427 masilia
1204 1385 1279 1428 mea
1297 1367 1406 1451 perti-

258 1509 261 1520 ·
291 1483 373 1528 nens
401 1471 434 1527 et
459 1463 558 1528 habet
585 1472 618 1528 st
643 1463 786 1530 habebit.
836 1462 968 1528 Initia
990 1470 1098 1528 autem
1121 1463 1180 1530 illa
1205 1465 1277 1530 Tua
1303 1467 1404 1532 Pla-

290 1564 467 1651 tonica*)
490 1565 619 1653 quando
641 1566 773 1632 tandem
795 1565 915 1632 videbo
934 1565 1147 1654 tractaboque
1167 1567 1203 1630 in
1220 1556 1403 1636 manibus?

289 1665 343 1730 En
363 1667 583 1752 importunum
602 1668 837 1754 flagitatorem!
880 1667 947 1734 Sed
977 1670 1062 1734 nosti
1081 1675 1237 1757 quantum
1254 1671 1403 1738 tribuam

289 1790 363 1834 cum
385 1771 570 1836 auctoritati
590 1769 697 1854 Tuae,
722 1778 760 1835 ut
778 1769 934 1853 doctoris,
955 1779 1024 1836 tum
1043 1771 1214 1856 voluntati,
1235 1777 1401 1860 utamini,

289 1879 509 1960 quantumque
529 1895 644 1938 aream
662 1881 695 1938 et
717 1871 884 1938 doctrinae
901 1872 992 1939 Tuae
1014 1872 1155 1938 fructum
1173 1876 1339 1962 percipere
1363 1887 1402 1944 et

288 1980 367 2042 veto
394 1976 556 2042 amicitiae
584 1975 769 2040 testimonio
794 1975 965 2062 impertiri.
1014 1977 1047 2040 A
1068 1998 1122 2040 mc
1151 1976 1302 2064 habebis,
1327 2003 1400 2046 non

288 2086 356 2142 tam
378 2072 566 2163 ἆντιδώρου
585 2075 671 2162 loco,
696 2100 792 2165 quam
814 2087 958 2144 tesserae
978 2079 1079 2144 studii
1098 2080 1134 2143 in
1155 2079 1203 2145 Te
1219 2083 1301 2165 mei,
1322 2104 1399 2148 ora-

286 2179 466 2247 tiunculam
496 2181 592 2246 istam
620 2203 725 2246 meam
758 2181 799 2245 de
827 2179 980 2245 laudibus
1004 2182 1207 2247 Athenarum
1241 2187 1400 2251 secundis

286 2284 374 2350 cumis
390 2283 554 2366 relictam,
578 2305 660 2372 quae
682 2305 768 2350 nunc
789 2281 918 2347 demum
938 2284 1077 2370 prodiit,
1106 2293 1139 2348 et
1158 2284 1219 2350 sub
1239 2289 1318 2350 anni
1335 2287 1399 2353 hu-

282 2387 339 2473 jus
369 2386 482 2469 finem,
510 2387 558 2451 uti
586 2386 717 2474 quidem
739 2407 850 2473 spero,
879 2383 1047 2451 Ciceronis
1069 2386 1171 2453 libros
1194 2389 1235 2453 de
1255 2389 1397 2455 Divina-

285 2491 374 2554 tione
403 2489 496 2553 etde
522 2487 604 2552 Fato
626 2511 646 2552 a
667 2489 797 2554 Mosero
817 2497 929 2554 nostro
952 2488 1068 2553 editos.
1112 2488 1204 2570 Quae
1227 2493 1396 2579 opuscula,

286 2613 370 2678 quae
391 2591 463 2656 'lbra
483 2591 666 2655 humanitas
689 2597 754 2676 est,
780 2591 859 2656 boni
887 2587 1049 2655 consules.
1094 2591 1209 2680 Itaque
1228 2593 1322 2680 vale,
1346 2599 1402 2666 mi.

286 2692 430 2776 Hsusdi,
453 2712 570 2780 meque
593 2702 710 2758 amato.

369 2795 593 2882 Heidelberga
613 2795 644 2862 d.
669 2799 720 2862 27.
745 2794 925 2882 Septembr.
949 2796 1040 2859 1826.

283 2987 317 3072 9)
341 2999 553 3050 arcanarum
574 2999 769 3050 emenonis
788 2999 1084 3048 sonrnrasnnrnn
1102 2999 1150 3048 so
1169 3001 1390 3054 onuunsnun.

705 3103 868 3169 Oreuzero
890 3125 963 3185 suo,

369 3205 451 3271 (lum
471 3205 519 3270 nil
542 3207 640 3272 sitin
661 3204 777 3270 loculis
798 3208 897 3288 meis,
926 3203 1014 3292 quod
1035 3227 1241 3292 expromam,
1263 3207 1392 3274 solvam

282 3334 324 3376 ex
352 3311 460 3376 aliena
493 3331 579 3375 arca.
628 3309 705 3373 Misi
736 3307 919 3372 Hermanni
948 3310 1204 3374 recentissimam
1231 3309 1409 3402 prolusio-n

281 3393 429 3498 nem**),
472 3413 566 3500 cujus
600 3411 724 3500 aliquot
755 3411 799 3476 ad
832 3431 886 3474 me
923 3419 1144 3497 pervenerunt
1178 3413 1389 3500 exemplaria.

351 3657 378 3724 *l
392 3658 561 3710 Nuncvide:
580 3658 695 3708 Initia
711 3655 972 3722 Philosophiae
989 3657 1210 3712 Platonicae.
1230 3660 1390 3728 Scripsit
1479 3655 1485 3662 ’

232 3799 233 3806 ,
279 3743 368 3798 Phil.
393 3745 482 3796 Guil.
514 3731 756 3796 vanHeusde.
800 3744 892 3796 Editio
923 3743 1016 3796 Altera
1039 3747 1201 3813 Emendata.
1243 3749 1389 3816 Lugduni-

279 3823 446 3887 Batavornm
465 3830 542 3883 1842.
585 3833 665 3882 Hanc
687 3835 778 3884 autem
796 3832 882 3884 edidit
900 3838 964 3898 post
982 3836 1069 3899 patris
1085 3840 1199 3887 mortem
1216 3837 1289 3890 lilius
1305 3840 1334 3890 J.
1352 3840 1386 3890 A.

279 3923 310 3974 C.
329 3938 396 3972 van
413 3919 558 3972 Heusde
585 3935 647 3970 cum
668 3936 740 3970 nova
755 3921 933 3974 Praefatione
944 3938 1014 3988 pag.
1031 3923 1170 3988 V-XII‚
1188 3925 1307 3991 itemque
1325 3943 1388 3978 cum

278 4011 396 4076 repetita
412 4007 539 4076 Epistola
556 4008 720 4060 Parentis
739 4009 778 4060 ad
795 4009 1011 4062 Fridsricum
1029 4011 1234 4063 Creunernm
1248 4028 1276 4080 p.
1291 4015 1386 4068 1-23.

348 4096 392 4163 **)
415 4095 564 4148 Godofredi
580 4097 770 4148 Hermanni
789 4097 827 4149 de
843 4103 998 4150 veterum
1011 4099 1224 4152 Graecorum
1242 4102 1387 4153 Pictura

277 4185 457 4238 Parietum
479 4181 670 4247 Conjecturae.
693 4185 805 4251 Lipsiae
820 4185 900 4249 18343
925 4202 1006 4253 qnam
1023 4187 1211 4238 Prolusionem
1232 4187 1282 4240 Vir
1307 4205 1384 4254 prae-

277 4271 463 4324 stantissimus
495 4275 592 4338 postea
615 4272 729 4324 Suorum
757 4274 1007 4340 Opusculorum
1033 4275 1170 4326 Volumini
1195 4277 1230 4327 V.
1259 4276 1383 4341 inseruit,

277 4361 353 4426 Lips.
374 4359 450 4413 1834.
486 4357 574 4412 Plinii
587 4363 678 4412 autem
695 4363 779 4414 verba
794 4378 864 4430 quae
882 4378 900 4413 a
912 4365 1069 4432 Bosttigero
1086 4365 1259 4431 attinguntur
1274 4371 1384 4418 exstant

278 4447 958 4516 inProlusionsp.18.‚in0pusculisp.22lt.‚
984 4457 1012 4502 et
1030 4452 1158 4518 leguntur
1174 4453 1248 4518 apud
1264 4453 1384 4506 Plinium
1481 4513 1487 4528 ¹
