3167 5192
226 471 508 559 40.

286 647 288 654 ’
333 659 508 725 admodum
528 657 573 723 ad
592 654 741 723 salubres
758 656 941 725 animorum
964 656 1057 745 quasi
1078 656 1191 745 epulas
1214 657 1463 724 suavissimum

334 760 485 828 Socrates
502 759 675 825 addiderat
696 759 937 825 condimentum
951 760 1126 827 sermonis:
1147 761 1196 826 ita
1205 758 1463 839 Socraticorum

334 885 463 953 qnoque
484 862 648 951 principes
667 854 823 927 orationis
844 860 1015 929 lenociniis
1038 872 1070 929 ct
1088 862 1180 929 velut
1193 864 1460 929 incantamentis

332 965 487 1031 mirificos
518 987 628 1030 rerum
657 964 960 1031 honestissimarum
986 986 1114 1031 amores
1140 976 1173 1031 et
1199 966 1391 1033 excitabant
1419 971 1460 1029 ct

332 1068 509 1155 augebant.
551 1066 605 1131 De
626 1066 845 1155 Xenophonte
875 1068 1155 1155 supradiximus,
1184 1077 1217 1135 et
1237 1068 1458 1135 notissimum

331 1170 414 1235 illud
435 1179 494 1255 est,
516 1168 613 1235 melle
635 1167 815 1269 dulciorem
833 1170 904 1257 ejus
927 1172 1108 1237 orationem
1129 1190 1211 1253 esse,
1234 1192 1332 1259 quam
1353 1172 1457 1257 ipsae

333 1273 468 1365 Gratiae
490 1272 627 1337 tinxisse
649 1270 834 1338 videantur.
878 1272 1025 1339 Platonis
1058 1282 1167 1340 autem
1192 1280 1284 1339 tanta
1312 1272 1456 1339 dicendi

331 1376 476 1459 ubertas,
497 1385 535 1441 ut
554 1376 662 1462 ipsum
681 1373 948 1462 philosophorum
969 1377 1063 1464 quasi
1085 1376 1247 1465 quendam
1268 1373 1369 1439 deum
1391 1373 1454 1439 ha-

333 1477 448 1544 berent
464 1476 647 1563 ,Iovemque
668 1477 859 1561 faterentur,
875 1480 905 1543 si
918 1500 1035 1565 graece
1053 1478 1249 1567 loqueretur,
1272 1478 1319 1543 sic
1340 1477 1451 1564 loqui.

331 1580 513 1667 Propterea
532 1600 576 1645 cx
589 1578 787 1645 Academiae
809 1582 924 1669 spatiis
942 1580 1060 1647 summi
1076 1588 1220 1647 oratores
1234 1580 1451 1663 exstitcrtmt,

332 1692 366 1749 et
387 1681 460 1771 ipse
486 1681 543 1747 ille
563 1671 801 1749 Demosthenes
827 1683 931 1751 fertur
950 1683 1150 1749 lectitavisse
1171 1682 1319 1750 Platonis
1339 1681 1451 1748 libros

252 1845 254 1852 t
331 1787 501 1873 ipsumque
535 1784 712 1850 audivisse.
760 1785 909 1874 Cumque
935 1796 1032 1851 antea
1057 1784 1242 1853 Atticorum
1267 1786 1369 1851 dictio
1402 1784 1449 1849 ad

332 1887 424 1953 illam
441 1886 666 1953 salubritatem
686 1897 719 1953 et
739 1890 833 1977 quasi
852 1888 1024 1955 sanitatem
1044 1888 1245 1956 conformata
1259 1897 1356 1973 essct,
1379 1909 1448 1975 qua

331 2012 372 2055 ea
389 2012 469 2077 prae
487 1991 604 2057 ceteris
627 1992 916 2077 commendaretur,
934 1992 1015 2079 jam,
1038 1992 1277 2061 Socraticorum
1296 1990 1448 2080 expolita
1473 2000 1479 2007 ’

192 2097 203 2103 ”
330 2094 481 2179 ingeniis,
504 2096 632 2160 summi
653 2096 751 2161 etiam
771 2092 936 2181 elegantis
949 2104 1184 2184 venustateque
1199 2096 1333 2184 placuit.
1365 2093 1445 2159 Ele·

329 2219 412 2283 gans
440 2205 549 2262 autem
574 2198 724 2285 inprimis
755 2206 853 2285 atque
881 2196 989 2263 faceta
1014 2208 1064 2265 est
1092 2199 1151 2264 illa
1170 2199 1293 2282 ironia,
1323 2198 1446 2285 quain
1495 2192 1496 2199 '

327 2298 477 2376 Platonis
496 2300 789 2390 Xenophontisque
813 2300 907 2366 libris
929 2299 1079 2369 Socrates
1100 2302 1218 2387 utitur,
1246 2300 1445 2389 praesertim

329 2424 404 2467 cum
424 2401 586 2488 sophistas
606 2404 731 2469 irridet.
766 2405 808 2469 In
825 2426 890 2492 qua
909 2403 1150 2470 dissimulantis
1170 2404 1257 2469 idem
1271 2402 1453 2490 judicatus

330 2512 382 2569 est
395 2504 553 2575 ,omnibus
574 2504 685 2592 lepore
707 2505 971 2595 humanitateque
990 2507 1204 2595 praestitisse.

296 2623 308 2631 ·
414 2607 542 2673 Eodem
559 2609 702 2673 maxime
721 2617 867 2700 tempore
887 2609 1025 2675 Athenis
1044 2618 1077 2676 et
1096 2630 1167 2677 rem
1188 2608 1352 2673 scenicam
1364 2608 1443 2673 Ari·

329 2709 505 2796 stophanes
524 2709 677 2794 excoluit,
700 2712 757 2798 qui
766 2710 938 2777 Platonem
958 2713 1056 2779 etiam
1075 2712 1178 2778 insui
1190 2711 1442 2777 admirationem

236 2874 241 2885 ,
328 2820 544 2895 converterat,
568 2822 601 2879 et
618 2813 756 2879 Periclis
774 2813 889 2879 domus
909 2824 979 2880 tum
998 2814 1087 2881 illius
1108 2823 1177 2881 tum
1195 2813 1339 2880 Socratis
1359 2813 1441 2879 alio·

329 2936 466 3003 rumque
493 2937 692 2982 summorum
716 2916 862 2981 virorum
878 2915 1154 2983 familiaritatibus
1176 2915 1295 2983 florhit.
1339 2915 1440 3003 Ejus·

274 3010 279 3017 ¹
328 3017 418 3083 modi
446 3016 612 3083 hominum
641 3016 871 3103 congressibus
899 3019 1027 3106 siquis
1056 3042 1129 3086 cum
1155 3018 1253 3085 laude
1279 3018 1440 3083 interesse

327 3119 443 3204 vellet,
475 3141 549 3185 etun
578 3119 749 3207 oportebat
772 3120 902 3207 placere
932 3122 971 3185 cd
996 3120 1153 3187 facilitate
1182 3140 1323 3203 morum,
1354 3142 1438 3207 quae

327 3243 431 3309 aeque
449 3221 558 3296 aliena
578 3230 665 3286 esset
686 3243 707 3286 a
726 3221 886 3307 fattritate,
909 3222 963 3287 cui
976 3221 1059 3287 nihil
1073 3245 1139 3289 non
1153 3222 1319 3311 probatur,
1339 3230 1438 3308 atque

328 3346 348 3388 a
368 3326 556 3390 morositate
576 3324 789 3412 tristitiaque,
814 3328 867 3391 cui
886 3326 933 3391 nil
951 3324 1084 3413 probari
1104 3333 1220 3411 potest.
1267 3324 1436 3391 Commen-

327 3426 400 3491 dari
422 3426 563 3492 debebat
584 3424 690 3490 faceto
709 3427 851 3514 quodem
870 3450 991 3514 genere
1005 3429 1173 3511 sermonis,
1196 3428 1283 3515 quod
1295 3424 1437 3493 liberum

215 3526 224 3541 ⁸
327 3536 415 3593 esset
441 3549 503 3593 nec
528 3528 728 3594 indecorum.
771 3531 879 3617 Atque
901 3530 1007 3596 inhia
1028 3530 1157 3595 circulis
1178 3538 1256 3596 nata
1277 3538 1327 3595 cst
1349 3529 1435 3595 dica-

309 3632 425 3715 scitas,
445 3652 512 3696 non
533 3632 679 3697 scurrilis
699 3634 763 3698 ista
783 3643 816 3699 et
838 3656 921 3722 quae
941 3654 1135 3722 quemquam
1156 3632 1286 3699 laedere
1308 3632 1452 3699 videre.

325 3742 394 3816 tur,
420 3733 480 3799 sed
504 3728 633 3799 modica
653 3736 814 3823 quaedam
834 3746 868 3801 et
888 3738 1016 3803 decora.
1060 3736 1250 3823 Horamque
1268 3734 1435 3801 hominum

325 3836 496 3925 colloquiis
518 3838 712 3925 scriptisque
739 3848 772 3904 ct
796 3840 996 3907 intellectum
1015 3840 1156 3927 primurn
1176 3848 1227 3915 est
1247 3836 1342 3901 etad
1363 3858 1433 3901 eam

325 3937 474 4025 regulam
490 3948 604 4026 postea
623 3950 783 4027 emotum,
805 3944 884 4031 quid
907 3944 950 4009 sit
969 3943 1061 4027 illud,
1081 3942 1191 4009 Attice
1211 3941 1320 4006 dicere
1338 3946 1373 4005 ct
1391 3938 1432 4005 ad

325 4041 510 4138 Atticorum
530 4064 625 4108 aures
646 4053 765 4112 teretes
786 4045 1022 4133 religiosasque
1043 4044 1296 4131 accommodate.
1341 4040 1431 4122 Quae

326 4144 489 4233 colloquia
506 4157 544 4211 ut
566 4146 760 4214 urbanitatis
782 4150 878 4237 quasi
896 4149 1037 4235 quodam
1059 4148 1127 4215 sale
1154 4167 1326 4237 perspersa
1346 4146 1431 4211 miri·

326 4245 388 4312 tice
408 4245 558 4334 placent:
580 4251 629 4314 sic
647 4272 709 4316 nec
729 4251 837 4315 minus
860 4272 898 4315 eo
921 4250 1202 4346 commendantur,
1224 4249 1313 4339 quod
1331 4248 1430 4315 scien·

325 4350 450 4441 tissimc
476 4350 608 4437 fugiunt
629 4351 788 4439 quidquid
810 4352 946 4418 nimium
974 4362 1007 4419 et
1033 4352 1167 4419 effusius
1188 4352 1348 4419 videatur.
1387 4350 1430 4417 Et

326 4453 410 4515 siem
423 4450 534 4517 Attica
547 4452 674 4539 judicia
695 4454 874 4522 orationem
895 4452 1116 4542 fmtidiebant,
1138 4458 1221 4545 quat
1238 4455 1429 4548 inconcinna
