3167 5192
315 503 381 596 'aas

324 695 571 786 Wyttenbschi,
589 700 653 766 nisi
672 707 709 766 ut
727 699 854 768 fructus
872 701 950 767 inde
969 701 1130 770 redundet
1144 703 1188 770 sd
1204 705 1368 787 animum,
1395 703 1449 768 ad

325 823 431 866 mores
453 822 645 889 omnemque
666 804 828 868 actionem
845 803 958 869 vitae?
1244 821 1248 824 ’

409 905 464 986 At,
486 903 574 968 dicat
593 905 769 992 quispiam:
791 905 894 988 „haec
908 904 1004 970 Plato
1023 904 1104 972 milri
1118 907 1299 993 praestabit
1315 907 1449 972 melius

325 1017 359 1074 et
380 1007 549 1072 eruditius.
584 1005 669 1072 Nam
690 1008 738 1073 nil
759 1008 824 1072 nisi
837 1007 1026 1073 Platonicus
1045 1016 1097 1073 est
1108 1008 1291 1075 Plotinus.“
1311 1009 1448 1074 Audio.

326 1109 513 1176 Platonicus
533 1108 596 1174 fuit
617 1109 775 1174 Plotinus.
819 1109 888 1174 Neo
908 1119 1018 1176 tamen
1038 1118 1210 1196 propterea
1231 1112 1260 1174 is
1282 1118 1349 1192 est,
1383 1110 1452 1196 qui

326 1213 475 1298 magistri
498 1213 629 1277 nonnisi
649 1211 772 1278 dictata
793 1212 959 1295 decantet,
986 1233 1093 1299 neque
1114 1211 1157 1278 ab
1178 1213 1250 1299 ejus
1271 1233 1451 1276 commen-

325 1317 419 1382 tariis
441 1313 609 1380 discedere
630 1314 758 1380 audeat.
802 1314 966 1402 Equidem
987 1312 1164 1399 aliqnando
1186 1314 1230 1379 ad
1247 1313 1450 1394 Enneadas,

327 1419 356 1482 si
377 1417 470 1482 Deus
492 1418 651 1501 annuerit,
675 1417 844 1502 sigillatim
863 1421 1035 1502 sejungam
1055 1415 1244 1482 Plotiniana
1261 1416 1400 1480 decreta
1427 1438 1452 1478 a

327 1517 516 1584 Platonicis.
560 1517 655 1585 Nunc
677 1517 739 1584 hoo
765 1542 866 1584 unum
894 1541 915 1584 a
932 1518 981 1582 Te
1001 1520 1073 1605 ipso
1093 1541 1248 1595 sumam.-¹
1272 1517 1451 1582 Videlicet

327 1621 379 1687 'Pu
399 1621 563 1686 Plotinum
585 1622 716 1708 optime·
729 1622 844 1688 vidisti
864 1623 1048 1686 animorum
1067 1621 1322 1708 immortalitatis
1340 1622 1449 1684 ratio-

326 1745 385 1790 nes
418 1724 514 1788 latius
549 1731 582 1790 et
609 1723 761 1790 subtilius
792 1745 865 1788 esse
896 1731 1101 1810 persecutum
1132 1745 1230 1810 quam
1253 1721 1447 1786 Platonem.

328 1827 402 1909 Qua
421 1828 456 1890 in
477 1847 513 1890 re
534 1824 631 1920 plane
648 1825 770 1890 Tecum
789 1825 871 1892 facit
885 1825 1138 1892 'Pennemaunus
1155 1847 1246 1892 meus
1267 1825 1304 1888 in
1327 1824 1448 1892 Histo-

326 1931 377 1994 ria
395 1926 621 2016 philosophiae
628 1926 672 2014 *).

412 2031 457 2096 Iit
476 2029 601 2094 nihilne
619 2029 812 2116 juvabimus
829 2051 851 2094 a
865 2029 996 2096 Plotino
1016 2031 1105 2119 quod
1125 2031 1154 2096 is
1172 2030 1321 2098 Platonis
1342 2052 1448 2115 argu·

329 2142 439 2200 menta
459 2134 615 2220 pleraque
634 2131 794 2198 lucidiora
815 2132 895 2198 lacit
909 2131 1155 2200 contrahendo?
1172 2132 1341 2201 Nimirum
1355 2155 1447 2220 quae

329 2237 455 2302 abillo
483 2234 689 2321 quaestiones
719 2235 922 2321 saepiuscule
955 2237 1221 2321 circumaguntur
1242 2258 1302 2322 per
1326 2235 1447 2301 orbem

326 2339 469 2427 plurium
493 2336 712 2421 dialogorum,
733 2347 791 2402 aut
812 2345 901 2402 certe
919 2337 1026 2421 unius,
1049 2359 1105 2402 eas
1127 2337 1276 2402 Plotinus
1298 2338 1371 2403 fere
1393 2360 1447 2402 re-

327 2449 426 2508 vocat
447 2463 490 2504 ex
507 2441 579 2504 istis
599 2459 783 2506 sermonum
806 2439 1009 2505 diverticulis
1028 2449 1204 2527 meatuque
1231 2450 1264 2506 et
1283 2442 1446 2506 anfracti-

237 2542 240 2554 '
328 2543 401 2626 bus,
421 2564 461 2606 ac
475 2541 649 2626 dispositas
664 2541 778 2606 ordine
796 2543 919 2629 unique
936 2541 1095 2628 brevique
1108 2543 1334 2628 utplurimum
1352 2542 1444 2606 libro

327 2645 478 2730 inducas,
496 2643 633 2710 collocat
658 2652 733 2710 ante
758 2644 870 2710 oeulos
895 2645 1042 2727 lectoris,
1070 2652 1108 2708 ut
1125 2644 1160 2711 is
1186 2643 1266 2732 quid
1287 2645 1445 2731 primum,

327 2747 487 2829 medium,
521 2745 668 2814 infimum
697 2748 742 2812 sit
767 2747 898 2814 facilius
928 2753 1131 2834 assequatur.
1173 2747 1283 2839 Atque
1313 2755 1351 2812 ut
1371 2747 1447 2812 ‘illa

327 2851 410 2916 ratio
430 2847 547 2914 cultior
568 2851 611 2914 sit
632 2857 664 2914 et
684 2850 864 2934 venustior,
885 2850 1040 2925 sichanc
1064 2849 1235 2914 certiorem
1253 2871 1328 2914 esse
1342 2871 1445 2914 nemo

286 3037 290 3046 η
327 2951 530 3018 infitiabitur.
574 2951 675 3016 Plura
694 2953 817 3036 omitto,
840 2975 924 3039 quae
937 2953 1103 3020 Plotinum
1119 2951 1349 3016 commendant
1371 2973 1445 3016 cor-

326 3053 520 3121 datioribus.
563 3052 651 3119 Illud
679 3055 829 3140 attigisse
856 3054 1015 3137 sufficiat,
1046 3075 1088 3118 ne
1115 3053 1151 3117 in
1179 3053 1362 3120 notioribus
1392 3052 1445 3118 Te

327 3156 486 3235 remorari
504 3155 628 3239 videar,
650 3156 798 3222 Platonis
821 3166 855 3222 et
874 3156 1134 3224 emendationem
1151 3162 1184 3220 et
1202 3156 1445 3243 interpretatio·

194 3254 198 3264 ’
327 3276 402 3325 nem
428 3257 537 3322 multis
566 3257 714 3344 partibus
742 3281 840 3346 posse
867 3260 1053 3345 promoveri
1082 3259 1215 3324 assidua
1245 3259 1444 3322 tractatione

326 3381 402 3427 cum
422 3359 544 3432 Plotini
565 3369 634 3426 tum
654 3360 911 3432 Plotinianorum
933 3361 1200 3448 philosophorum
1220 3360 1265 3425 ad
1284 3358 1443 3427 Proclum

328 3483 432 3548 usque
454 3471 487 3526 et
506 3463 713 3548 posteriores.
911 3521 916 3526 .
1157 3541 1162 3548 Ι

410 3565 477 3647 „At
505 3565 662 3632 obsumus
686 3574 737 3632 est
765 3565 953 3649 Plotinus,“
987 3567 1109 3654 iuquit,
1136 3575 1208 3651 „est
1234 3567 1444 3632 abstrusus.“

330 3665 392 3734 Oui
419 3687 497 3751 egos
530 3667 631 3734 Recte
658 3689 788 3736 mones:
821 3669 915 3756 quasi
943 3690 1021 3734 vcro
1044 3669 1204 3736 derebus
1226 3669 1376 3756 repetitis
1399 3691 1443 3734 ex

329 3769 444 3836 intima
463 3769 669 3857 philosophia
690 3780 722 3838 et
742 3770 784 3836 ab
805 3771 879 3857 ipsa
893 3779 1011 3836 natura
1027 3772 1182 3838 involutis
1197 3773 1320 3860 pariter
1333 3772 1441 3857 possit

329 3871 460 3957 vulgari
482 3891 629 3936 sermone
650 3875 785 3960 exponi,
813 3864 853 3940 ac
876 3874 917 3940 de
938 3874 1163 3940 communibus
1183 3875 1440 3962 pervagatisque

330 3984 363 4042 et
379 3983 462 4040 aute
483 3975 594 4042 oculos
614 3975 739 4063 positis.
782 3977 893 4064 Atque
912 3977 1107 4063 explicando
1125 3977 1163 4042 fit
1179 3975 1330 4041 lucidior.
1375 3975 1439 4039 Ne·

329 4098 392 4165 que
415 4095 519 4166 aeque
547 4086 597 4142 est
623 4078 780 4144 obsounts
811 4087 910 4168 atque
937 4080 1083 4146 Platonis
1115 4078 1170 4145 vel
1197 4077 1352 4142 Timaeus
1384 4076 1439 4142 vel

328 4179 550 4248 Parmenides.
596 4177 688 4260 Quae
707 4188 816 4246 tamen
834 4182 956 4263 scripta
974 4182 1178 4270 expeditiora
1196 4181 1388 4278 redduntur,
1411 4179 1438 4243 si

374 4420 424 4557 lg)
453 4423 530 4474 rom
558 4421 606 4476 vr.
636 4439 664 4490 p.
698 4425 757 4478 1ss.
799 4427 843 4478 cr.
871 4424 1066 4494 warennam.
1098 4426 1133 4478 as
1149 4421 1269 4479 'Platon
1295 4423 1434 4477 raasson.

290 4509 294 4516 ·
326 4519 355 4570 p.
408 4509 434 4559 τ.
