3167 5192
600 1053 902 1138 INDEX.

667 1251 842 1260 *ῃ

514 1375 985 1458 rnasrerun,

679 1497 821 1548 continens

542 1600 956 1664 COMMENTATIONES.
1066 1619 1070 1626 ·
1137 1547 1147 1563 x

221 1743 248 1801 I.
294 1741 479 1821 Exemplum
499 1739 672 1820 mythorum
693 1739 731 1799 ab
753 1740 863 1799 artium
885 1739 1028 1822 operibus
1050 1739 1264 1818 profectorum.

203 1845 247 1903 II.
293 1843 554 1923 Philosophorum*
568 1852 706 1902 veterum
728 1842 789 1901 loci
813 1841 851 1901 de
871 1840 1071 1902 Providentia
1094 1841 1197 1901 divina
1218 1842 1303 1900 item·

360 1965 420 2025 que
444 1943 482 2003 de
500 1945 579 2003 Fato
604 1944 757 2006 emendati
783 1953 815 2004 et
836 1943 993 2022 explicati.

186 2048 248 2108 ΙΠ.
292 2047 456 2127 Specimen
468 2043 724 2108 Observationum
735 2047 775 2107 ad
790 2046 988 2108 novissimam
998 2043 1022 2105 J
1023 2049 1130 2109 oannis
1142 2049 1301 2110 Winckel-

276 2152 280 2172 ⁴
357 2149 461 2210 manni
478 2146 652 2209 editionem.

185 2255 245 2314 IV.
291 2253 341 2314 De
362 2252 489 2312 vasculo
512 2251 679 2312 Herculem
700 2253 853 2334 Buzygen
873 2252 1070 2332 Minoemque
1093 2252 1268 2314 exhibente.

202 2357 243 2418 V.
290 2353 395 2417 Oratio
419 2353 458 2414 de
480 2354 604 2414 civitate
619 2354 810 2416 Athenarum
832 2356 928 2416 omnis
950 2355 1146 2417 humanitatis
1161 2337 1300 2436 parente.

187 2462 246 2566 iil.
291 2456 448 2522 Praefatio
471 2453 509 2515 da
535 2453 731 2564 Geograplpia
755 2468 785 2520 et
806 2458 945 2519 Historia
968 2456 1130 2522 Graeciae.
1369 2441 1372 2444 ⁴

532 2587 984 2712 rnnsnnunenj

675 2751 818 2801 continens

185 2835 413 2920 nnnoams'
429 2855 568 2916 uarum
582 2853 898 2916 Pnorussorum
911 2857 953 2915 M.
968 2853 1002 2916 c.
1015 2857 1122 2933 curru,
1133 2859 1174 2918 n.
1186 2856 1299 2918 riede-

83 2936 89 3171 Ι
454 2957 557 3018 manni
577 2965 608 3016 et
628 2959 667 3016 E.
691 2957 819 3017 Godofr.
840 2958 1031 3038 Baldiugeri.

511 3118 951 3209 ·Pnnsrnnr1m

672 3247 815 3297 continens

185 3355 343 3434 Epistolas
378 3362 408 3414 et
445 3353 584 3432 publicas
615 3362 645 3413 et
672 3353 811 3432 privatas
843 3353 1102 3433 epistolarumque
1130 3355 1299 3430 Excerpm,

83 3448 89 3681 Ι
389 3457 521 3537 denique
541 3456 662 3536 Scripta
683 3455 849 3514 honoraria
869 3455 947 3514 varii
969 3457 1102 3532 generis.

84 4129 86 4188 l

606 3819 883 3830 ...-—..—

664 4329 819 4393 mrsmr,

575 4435 653 4470 rums
669 4435 695 4469 B.
717 4433 744 4470 G.
764 4432 910 4469 ransitum.
