3167 5192
333 510 395 575 ldd

331 682 440 769 ipsum
466 678 503 742 in
524 676 727 743 academiam
755 680 902 748 nostram
927 670 1070 744 studium
1098 672 1291 761 reliquaque
1312 668 1352 738 in
1380 692 1470 737 ean-

332 782 407 848 dem
435 780 508 867 ejus
534 779 651 844 meritc
672 796 902 859 remunerans,
930 774 1087 841 salarium
1114 773 1186 860 ejus
1208 776 1328 841 annuis
1351 774 1468 841 duce-

331 886 385 950 nis
398 882 535 949 thaleria
545 880 777 948 liberalissime
786 876 881 944 auxit
890 880 1103 943 Εενααίαὲαια
1112 881 1259 959 Princeps
1268 878 1312 965 (a.
1332 880 1468 964 1787);

334 1010 357 1054 a
381 1009 445 1077 quo
470 984 592 1051 Noster
617 980 800 1051 consiliarii
828 1000 958 1067 quoqne
983 978 1083 1045 aulici
1111 988 1302 1045 ornamenta
1322 979 1469 1046 habuit.

334 1091 509 1159 Prorecror
538 1086 639 1153 semel
668 1085 776 1151 lactus
808 1088 858 1145 est
887 1080 1067 1169 (s.1797);
1104 1088 1247 1148 ceterum
1285 1080 1328 1147 ab
1363 1084 1471 1148 omni

334 1214 415 1260 cura
434 1190 568 1281 publica
574 1239 584 1274 ,
606 1210 691 1278 quae
710 1208 778 1253 non
798 1183 834 1247 iu
853 1180 955 1249 officii
976 1183 1168 1251 muneribus
1186 1192 1287 1268 esset,
1312 1206 1469 1251 eversus

135 1306 139 1322 ¹
233 1328 238 1339 ·
336 1318 434 1387 quam
453 1294 510 1383 qui
529 1292 687 1375 manime,
707 1299 745 1357 ut
765 1287 823 1375 qui
841 1306 939 1350 nosse
952 1285 1137 1370 videretur,
1160 1308 1196 1352 se
1214 1288 1322 1356 minus
1337 1290 1469 1355 valere

339 1399 461 1487 agendi
478 1396 690 1477 dexteritate,
713 1410 812 1481 quam
834 1386 1000 1473 cogitandi
1022 1389 1177 1457 sollertia.

421 1500 537 1587 Neque
562 1498 599 1562 in
626 1518 665 1562 eo
692 1493 873 1582 quidquam
897 1490 1014 1555 autin
1037 1490 1160 1557 inferos
1183 1492 1370 1582 supercilii,
1404 1504 1468 1560 aut

337 1602 536 1671 adulationis
563 1601 600 1664 in
618 1597 836 1687 potentiores:
864 1591 990 1676 civilia,
1009 1594 1171 1680 modesta,
1188 1594 1402 1681 verecunda,
1427 1600 1468 1664 li-

337 1703 464 1774 beralia
489 1703 608 1768 omnia.
652 1697 738 1765 Inde
764 1695 943 1783 singularis
965 1692 1024 1759 illa
1047 1695 1083 1759 in
1104 1696 1283 1785 discipulos
1303 1702 1466 1785 comitas,

340 1829 406 1898 qna
423 1805 586 1888 novitium
602 1820 763 1891 quemque
784 1800 938 1885 excipere
960 1794 1097 1863 solebat.

425 1905 616 1975 Consimilis
636 1904 756 1970 caritas
772 1904 808 1967 in
825 1922 936 1967 omnes
958 1898 1122 1978 homines,
1144 1903 1217 1967 sire
1234 1902 1363 1987 doctos,
1388 1906 1466 1969 sive

339 2013 499 2081 indoctos.
542 2007 736 2073 Illiteratam
762 2003 1033 2071 consuetudinem
1060 2024 1238 2093 numquam
1259 2016 1466 2093 aspernatus

341 2124 405 2199 est,
433 2134 498 2204 qua
523 2132 603 2178 uana
623 2109 668 2175 ad
689 2108 882 2196 popularem
903 2104 1143 2193 simplicitatem
1170 2106 1297 2173 demitti
1317 2108 1466 2175 videba-

340 2229 411 2302 tur,
445 2215 664 2283 alienissimus
693 2210 737 2275 ab
763 2210 965 2276 eruditorum
993 2208 1198 2295 quorundam
1223 2210 1373 2297 ineptiis,
1406 2214 1466 2300 qui

343 2320 488 2412 quolibet
510 2320 546 2384 in
564 2316 636 2383 loco
662 2312 826 2403 quoslibet
852 2313 938 2377 inter
958 2310 1106 2378 homines
1129 2310 1170 2377 de
1190 2310 1291 2377 rebus
1312 2312 1466 2379 difficili-

341 2425 419 2507 bus,
440 2430 528 2488 certe
549 2419 616 2485 suia
636 2416 731 2498 eolis,
753 2412 986 2503 disputandum
1008 2412 1158 2480 sibiesse
1179 2414 1326 2481 credunt.
1372 2416 1465 2482 Eru-

221 2546 232 2555 ·
345 2527 487 2592 ditonum
508 2532 618 2588 tamen
636 2520 782 2585 viromm
804 2538 970 2584 sermones
992 2514 1181 2605 expetebat,
1210 2518 1407 2605 praecipue,
1437 2520 1465 2584 si

344 2629 411 2717 qui·
426 2633 516 2693 certo
539 2645 650 2690 rerum
678 2642 742 2687 usu
765 2620 939 2708 temperati
968 2627 1088 2683 essent.
1137 2618 1252 2707 Neque
1283 2622 1463 2709 quisquam

344 2732 379 2794 in
402 2728 474 2815 ejus
499 2725 644 2791 amicitia
672 2724 850 2789 antecessit
869 2724 900 2787 ei
917 2722 1005 2805 viro,
1035 2721 1092 2808 qui
1110 2740 1274 2787 armorum
1291 2726 1463 2788 tractatio-

345 2854 421 2898 nem
437 2850 512 2895 curn
530 2828 697 2916 literarum
711 2824 885 2893 dnloedine
902 2823 1093 2889 felicissime
1106 2824 1288 2911 conjungit.
1310 2824 1463 2913 ,Optime

349 2954 477 3023 quoque
503 2929 725 2996 concordabat
752 2950 827 2993 cum
856 2926 991 3011 collegis
1022 2928 1090 2991 suis
1114 2927 1280 3012 omnibus,
1318 2950 1497 3017 quorum)

344 3058 441 3103 nemo
462 3035 533 3101 fere
561 3043 648 3118 erat,
681 3034 762 3121 quin
792 3037 917 3094 amaret
950 3027 1114 3095 hominem
1146 3032 1299 3119 antiquae
1320 3031 1404 3097 fidei
1425 3056 1463 3097 ao

345 3138 532 3228 probitatis,
554 3139 611 3226 qui
632 3138 704 3202 sine
728 3132 922 3215 ambitione,
944 3132 1015 3197 sine
1037 3133 1252 3219 simulatione,
1272 3136 1345 3199 sine
1362 3135 1462 3199 malis
1496 3146 1497 3155 ’

268 3273 272 3287 ·
334 3242 471 3317 -artibus
489 3241 533 3306 ad
553 3240 711 3304 virtutem
727 3246 761 3302 et
781 3235 986 3301 honestatem
1010 3242 1079 3301 tota
1096 3244 1205 3301 mente
1224 3236 1420 3326 ferretun*).

431 3340 507 3409 Tali
532 3340 630 3409 modo
657 3364 731 3407 oum
751 3349 819 3406 tres
840 3340 910 3405 fere
930 3346 963 3403 et
985 3338 1223 3427 quinquaginta
1248 3362 1353 3405 annos
1375 3364 1460 3407 com-

347 3447 485 3535 plesset,
507 3454 662 3532 tantaque
683 3444 898 3532 prosperitate
917 3462 997 3507 usus
1015 3451 1102 3507 esset
1119 3441 1333 3526 valetudinis,
1354 3451 1394 3508 ut
1414 3466 1461 3508 ae-

348 3549 413 3613 mel
442 3556 568 3615 tantum
596 3555 653 3612 aut
678 3547 731 3613 bis
756 3548 792 3611 in
818 3553 888 3610 tota
917 3544 988 3608 vita
1018 3545 1214 3611 medicinam
1239 3544 1459 3611 adhibuisset:

353 3650 486 3716 biennio
513 3648 633 3717 abhinc
655 3672 699 3717 ex
718 3648 950 3735 intempestiva
971 3646 1135 3713 lavatione
1156 3648 1393 3714 rheumatismo
1417 3649 1460 3713 la-

258 3775 264 3789 *
322 3769 326 3780 ¹
351 3752 468 3818 borare
495 3755 615 3839 coepit.
658 3735 836 3835 Quem'ita
861 3749 987 3836 depulit
1012 3758 1044 3814 et
1065 3748 1184 3815 medici
1207 3750 1239 3816 et
1261 3772 1321 3817 sua
1342 3752 1461 3817 deinde

349 3856 453 3944 ipsius
480 3876 573 3938 cura,
607 3865 639 3921 et
667 3878 746 3920 vero
773 3852 1006 3937 multomagis
1032 3854 1143 3938 vegeti
1175 3852 1319 3941 corporis
1351 3854 1460 3934 robur,

309 3968 317 3981 “
351 3967 388 4024 ut
408 3958 546 4046 pristina
564 3959 753 4025 valetudine
773 3978 867 4041 usus,
890 3955 1094 4040 gravissimis
1118 3955 1285 4022 laboribus
1310 3955 1460 4021 sufficere
1496 3992 1497 4000 κ

423 4221 449 4290 *)
467 4221 585 4274 Secutus
603 4218 670 4270 illud
686 4206 860 4272 Pindaricum
877 4221 956 4273 Nem.
974 4220 997 4273 Ι.
1016 4219 1051 4273 36
1068 4234 1128 4287 sqq.

559 4336 594 4347 —
611 4301 707 4372 τέχναι
725 4294 828 4372 ἑτέρων
846 4300 952 4373 ἕτεραι·

560 4387 614 4462 χρὴ
633 4384 662 4445 δ’
681 4384 859 4454 infidelem
877 4386 959 4455 ὁδοῖς

563 4480 710 4550 στείχοντα
726 4474 893 4550 μάρνασθαι
916 4479 986 4555 φυᾷ.
1077 4484 1080 4491 ’
