3167 5192
1160 457 1321 609 'Isos

132 675 266 758 musa,
297 673 420 762 qmquo
446 674 498 740 sd
514 674 640 760 majora
666 669 870 744 adhibendus
898 684 982 760 erat,
1002 678 1039 741 ni
1058 672 1266 765 praestatum
1377 710 1381 719 2

134 779 282 844 evivis
301 775 533 842 doeessisset'f‘
684 825 686 830 ·

147 935 151 942 .
232 881 342 963 diurn,
369 880 484 967 paneis
513 875 731 966 interpositis,
759 881 806 946 ita
827 883 1023 968 pergite-
979 882 1208 966 „Accedit
1234 888 1269 948 et

132 983 221 1066 hcc,
256 984 352 1072 quia,
376 1006 450 1050 cum
479 1005 522 1048 ex
549 981 835 1070 Sylburgrana
855 983 1137 1069 Bibliotheca,
1164 1007 1268 1074 qnae
1348 1002 1364 1030 ⁸

131 1107 279 1172 penes
300 1109 360 1152 me
382 1094 459 1170 eat,
480 1086 621 1173 ¹'pr-'odire
641 1105 722 1174 epos
745 1087 808 1154 hoc
824 1085 1070 1176 catecheticum,
1100 1087 1267 1174 publicum

131 1191 297 1256 maxime
319 1189 361 1256 ob
380 1188 504 1255 honum
525 1188 653 1272 vellem,
676 1190 830 1276 optimam
850 1189 931 1259 mibi
952 1189 1156 1275 occasionem
1177 1190 1267 1256 obla·

134 1300 213 1358 tam
238 1292 408 1376 sidobrim,
429 1290 597 1380 publicum
614 1293 712 1358 etiam
733 1292 944 1377 gratitudinis
962 1311 1054 1358 meae
1071 1313 1151 1378 erga
1165 1292 1268 1359 Celsi·

135 1395 305 1462 tudinem
335 1395 441 1460 Tuam
459 1386 687 1474 “testimonium
712 1393 884 1460 exhibere:
915 1396 1036 1483 quippe
1061 1395 1115 1460 cui
1135 1403 1268 1482 propter

138 1497 355 1585 stipendium
376 1506 452 1562 ante
474 1497 599 1585 aliquot
626 1516 731 1563 annos
757 1499 792 1562 in
817 1518 870 1564 me
894 1497 1146 1563 clementissine
1169 1498 1268 1564 colla·

138 1610 230 1685 tum,
254 1599 487 1666 liberalissime
505 1600 614 1682 etiam,
638 1600 792 1688 quamdiu
814 1601 851 1666 in
874 1599 949 1664 aliis
971 1600 1168 1666 Germaniae
1190 1600 1267 1666 (ial-

139 1704 285 1793 liaeque
303 1701 516 1769 vicinioribus
532 1701 708 1768 academiis
724 1703 804 1768 mihi
818 1703 945 1768 versari
958 1701 1059 1787 licuit,
1083 1703 1267 1785 adauctum,

141 1815 258 1874 totum
282 1828 334 1871 me
357 1805 528 1894 studiaque
546 1826 619 1869 mee
641 1804 761 1872 debere
782 1815 877 1890 grato
894 1798 1003 1872 animo
1020 1809 1268 1894 ,agnomremf‘

141 1911 271 2000 Itaque
287 1907 382 1974 heres
400 1907 537 1974 eandem
556 1907 645 1994 apud
660 1908 798 1974 eundem
813 1909 999 1997 Principem
1015 1910 1270 1976 munificentiam

142 2015 283 2096 meruit,
302 2033 398 2100 quam
412 2018 575 2078 memorat
589 2017 734 2076 testator.
756 2010 963 2078 Bibliotheca
975 2010 1086 2078 autem
1099 2010 1270 2099 Sylhurgii

143 2118 286 2203 privata
301 2115 382 2204 quid
398 2116 521 2180 factum
541 2115 593 2197 sit,
615 2135 667 2179 me
682 2113 792 2200 legere
807 2134 874 2180 non
888 2116 1032 2180 memini.
1064 2113 1270 2180 Crediderim

145 2228 266 2285 tamen
283 2217 436 2306 publicae
453 2223 583 2282 nostrae
599 2217 787 2306 adjunctam
802 2227 932 2306 sumptu
947 2218 1135 2306 Principum
1154 2217 1267 2282 eodem

146 2331 252 2412 atque
265 2319 357 2386 illam
367 2319 436 2386 fato
446 2327 561 2408 postea
574 2317 773 2408 disperiisse
796 2319 954 2387 Publicae
971 2329 1080 2386 autem
1095 2342 1161 2386 non
1175 2343 1267 2408 grae-

148 2446 269 2488 corum
279 2421 376 2488 modo
387 2406 536 2486 codicum
548 2419 732 2507 catalogum
747 2423 942 2510 conscripsit
952 2421 1158 2510 Sylburgius,
1172 2445 1281 2510 quemv

148 2526 253 2594 hodie
284 2546 413 2613 quoque
443 2524 616 2609 habemus,
653 2548 768 2592 verum
802 2526 900 2591 etiam
930 2526 1122 2595 Latinorum
1149 2527 1268 2614 partim
1361 2539 1364 2547 '

151 2632 279 2718 scripto
307 2629 519 2714 consignasse
551 2627 699 2715 fertur⁸).
758 2628 928 2716 Epistulae
953 2628 1043 2716 ejus,
1069 2649 1152 2718 quas
1181 2629 1271 2696 haud

152 2914 216 2978 illa,
236 2926 310 2979 quae
326 2910 404 2962 heres
422 2909 533 2974 scripsit
550 2905 585 2958 ad
602 2906 770 2960 Fridericum
789 2909 854 2962 IV.:
873 2909 998 2975 ,‚quiqns
1015 2908 1052 2960 ad
1069 2905 1176 2973 maiora
1192 2907 1268 2959 adhi-

151 3001 262 3056 bendus
281 3002 358 3061 erat,
375 2997 406 3048 ui
421 2998 594 3062 praealtus
607 2995 812 3048 desuesces&
847 2997 918 3047 Item
935 2997 965 3046 in
983 2996 1061 3047 Actis
1072 2995 1180 3046 Facult.
1194 2994 1269 3046 Arta

152 3089 172 3144 l.
192 3090 213 3140 l.
230 3087 362 3140 continuo
379 3085 448 3136 haee
466 3081 662 3146 subjiciuntur:
681 3084 759 3147 „Dis
777 3085 819 3135 17.
836 3084 918 3136 Febr.
936 3085 973 3135 Ι).
984 3083 1140 3134 Fridsricus
1158 3081 1269 3146 Sylbur·

154 3180 234 3245 gius,
249 3174 415 3228 Academiae
429 3171 667 3234 bibliothecarius,
694 3171 763 3222 febri
781 3171 896 3223 ardente
913 3176 943 3222 et
958 3169 1138 3237 pestilentiali
1156 3169 1209 3220 tuit
1226 3185 1271 3220 ex-

153 3267 275 3320 tinctus:
288 3260 355 3327 ejus
374 3262 455 3314 mnus
473 3259 597 3326 mouenti
616 3258 662 3310 die
680 3257 715 3310 sd
732 3259 901 3324 sepulturam
918 3259 1099 3311 extulimus.“
1123 3256 1266 3322 Duplics'm

155 3353 341 3410 omentum
364 3355 394 3402 et
415 3350 448 3402 in
463 3349 510 3404 ete
523 3348 622 3400 nortia
638 3352 668 3400 et
685 3349 715 3398 in
732 3346 816 3412 hrp'us
834 3349 940 3400 cannis
961 3365 980 3400 a
996 3346 1133 3399 Willrenio
1151 3345 1269 3413 aliisque

155 3443 225 3510 (vid.
239 3447 333 3494 umen
350 3438 425 3492 Justi
440 3436 461 3489 1.
480 3436 499 3490 l.
518 3452 545 3501 pt
558 3434 630 3498 488„
646 3435 694 3501 qui
712 3436 840 3501 quesibi
857 3436 1119 3502 posnithctornm
1135 3439 1270 3486 nestro·
1312 3494 1317 3512 Ι

155 3547 228 3584 rum
249 3529 306 3582 lide
326 3525 435 3580 firmare
453 3522 573 3590 poteret)
595 3523 706 3576 silentio
729 3525 964 3589 praetermissam,
987 3521 1061 3574 nullo
1079 3523 1190 3597 negotio
1208 3523 1269 3575 telll

155 3634 247 3688 posse,
265 3629 321 3668 non
337 3619 383 3668 est
396 3614 471 3680 qued
487 3622 601 3678 operose
617 3612 809 3665 demonstrem.
840 3615 894 3677 Qui
910 3617 1003 3665 autem
1019 3610 1176 3662 memoriam
1191 3609 1268 3662 illam

156 3705 317 3761 faciundam
335 3703 442 3756 corant
458 3702 570 3765 heres,
592 3701 723 3754 mutinae
744 3701 914 3768 intelligetur
934 3715 969 3752 ex
984 3701 1034 3763 iis,
1060 3714 1131 3765 quac
1147 3698 1269 3750 rrius-

156 3789 892 3856 ricnsGarnandusdeseipssnarrarepcrgit.
923 3786 1270 3864 Qui,qncdinbersdum
1375 3827 1378 3833 .
1421 3780 1424 3791 “

158 3885 257 3953 elegiis
275 3881 442 3934 rarissimum
459 3883 516 3942 est,
534 3877 602 3928 nibil
616 3878 729 3930 lendum
746 3877 865 3928 adscribi
879 3874 964 3940 jussit
977 3875 1008 3926 in
1021 3874 1070 3925 illo
1084 3874 1180 3938 timia,
1196 3872 1270 3940 qnod

159 3989 214 4027 non
239 3987 258 4022 a
286 3969 398 4021 summis
427 3968 495 4018 visis
512 3968 572 4019 Jos.
600 3965 754 4032 scaligero,
782 3966 822 4016 Is.
847 3964 1024 4027 casaubono,
1052 3961 1268 4023 Hemsterhnsio,

157 4059 357 4121 Valckenario,
374 4055 546 4117 Ruhnkenio,
564 4053 627 4104 aliis
642 4057 741 4118 postea
759 4057 787 4104 et
804 4052 992 4104 confirmatum
1010 4055 1038 4102 et
1055 4066 1120 4102 vero
1137 4047 1268 4113 majorem

159 4151 188 4200 in
201 4147 312 4200 modum
330 4148 440 4196 auctum
460 4141 552 4193 fuerit.
588 4139 757 4192 Testimonia
774 4141 855 4207 posui
876 4141 905 4191 in
923 4141 1047 4192 oratione
1064 4151 1149 4204 supra
1164 4140 1222 4187 not.
1240 4137 1265 4189 l.

159 4240 246 4290 citata
263 4251 292 4302 p.
309 4233 354 4287 90.
372 4233 408 4286 94
430 4247 473 4298 sq.
608 4270 611 4278 ,

228 4318 603 4390 8)11ud.0hsist.ldiegius
625 4318 654 4370 ln
671 4317 791 4370 Prusiam
816 4315 852 4368 ad
869 4317 1045 4368 Monumenta
1066 4312 1137 4364 Pleu
1161 4315 1189 4362 et
1209 4311 1269 4363 th.

161 4429 224 4480 pag.
239 4413 267 4463 le
289 4409 464 4474 „Exhibetur
480 4407 567 4472 primo
583 4405 644 4460 loco
657 4405 806 4473 catalogus
820 4403 943 4456 codienm
956 4403 1120 4455 Graecorum
1131 4400 1211 4463 lisa,
1220 4397 1270 4465 qni

163 4499 299 4571 quondam
328 4499 357 4550 in
380 4496 551 4552 Bibliotheca
576 4493 706 4549 Palodes
738 4493 959 4547 mserrabaatur.
1010 4488 1173 4544 Gontecit
1198 4501 1270 4545 sum
