3167 5192
582 745 592 764 .
686 695 750 762 ΙΠ.

466 787 528 860 o'n.
547 811 581 860 v.
604 811 744 866 reuco
766 815 961 880 rumoso.

510 899 608 967 (Redd.
626 902 652 956 6.
670 901 745 970 Juny
763 903 842 958 1588.
858 906 926 973 Ηι.)

245 984 281 1050 S.
301 984 425 1051 Mensis
456 994 506 1052 est
534 986 664 1052 circiter
686 1007 759 1052 cum
784 987 828 1052 sd
852 996 885 1053 te
905 996 939 1054 et
961 987 1197 1086 commelinum
1217 1011 1274 1056 no·
1319 980 1324 991 ’

146 1093 266 1152 strum
294 1085 371 1152 dedi
396 1085 527 1169 literas,
553 1095 728 1175 antequam
751 1089 876 1155 scilicet
896 1098 1075 1177 postremas
1095 1098 1168 1155 tuas
1190 1093 1273 1161 acci·

144 1195 284 1274 perenn.
339 1187 406 1256 Sed
442 1211 516 1259 oum
556 1191 682 1256 interea
719 1191 801 1259 nibil
836 1193 896 1259 abs
931 1202 965 1258 te
1000 1213 1191 1280 responsum
1219 1195 1273 1277 sit,

149 1290 277 1359 dubito
298 1309 343 1356 sn
364 1313 420 1361 eas
441 1293 617 1380 acceperis.
661 1293 738 1360 Je'm
757 1303 795 1360 ut
814 1293 858 1359 ed
876 1304 1056 1382 postremas
1078 1317 1206 1384 quoque
1223 1318 1273 1360 re-

150 1393 353 1481 spondeum,
373 1415 433 1482 pro
454 1403 592 1482 utraque
614 1395 787 1462 collatione
809 1396 952 1485 egotibi
973 1406 1006 1462 et
1026 1397 1131 1469 hsbeo
1149 1400 1272 1483 gratiss

151 1517 261 1585 quem
281 1497 452 1580 maximas,
476 1497 611 1564 Melisee
629 1500 763 1586 optime:
785 1522 825 1564 eo
839 1500 987 1566 vicissim
1001 1499 1063 1567 tibi
1078 1500 1188 1568 officia
1200 1524 1273 1573 mea

151 1600 194 1664 in
222 1599 371 1667 futurum
399 1599 521 1667 defero.
565 1601 620 1671 Ad
647 1601 892 1687 chronologiam
920 1625 1017 1689 porro
1038 1603 1126 1690 quod
1146 1605 1273 1688 attinet,

153 1701 360 1789 simulatque
382 1701 475 1768 illem
495 1702 573 1786 vidi,
596 1705 717 1789 agnovi
741 1725 898 1770 eamcum
914 1704 1177 1791 Cuspinianea¹⁷)
1197 1727 1273 1777 esn-

155 1804 239 1868 dem
261 1827 353 1888 eese3
375 1827 450 1873 nam
472 1825 618 1896 meorum
639 1829 767 1894 quoque
788 1816 930 1892 partem,
953 1829 997 1874 ex
1017 1808 1060 1872 iis
1077 1827 1160 1895 quae
1182 1808 1225 1879 nd
1242 1816 1275 1874 te
1376 1850 1378 1855 .

155 1910 335 1990 miseram,
355 1931 400 1974 cx
417 1908 532 1974 eodem
554 1907 754 1999 Cuspinieno
778 1930 1017 1995 excerpseram.
1060 1909 1157 1974 Prius
1177 1910 1212 1982 X
1238 1912 1275 1977 in

117 2084 123 2092 ¹
156 2010 277 2076 XXV.
294 2010 427 2082 ¹Tiberii
450 2033 536 2077 anno
567 2010 820 2098 expungendum
848 2032 934 2094 esse„
947 2011 1303 2098 ‚tumamecedentia

158 2115 299 2200 docent,
333 2123 402 2180 tum
428 2115 621 2181 confirmant
648 2136 702 2199 ea,
739 2135 823 2202 quae
847 2121 957 2183 noster
980 2113 1148 2180 Eusebius
1171 2135 1215 2184 m.
1238 2113 1298 2180 ss

157 2217 275 2284 habet.
312 2217 353 2285 In
373 2219 490 2287 ceteris
511 2220 617 2305 major
638 2227 688 2282 est
708 2217 811 2282 vestri
830 2239 873 2280 m.
892 2217 925 2280 S.
948 2237 1046 2303 quem
1063 2214 1274 2302 Ouspinianei

160 2321 315 2408 expressi
337 2320 431 2386 fides.
476 2320 542 2386 Sed
564 2329 596 2384 et
617 2321 651 2384 in
675 2321 864 2404 Augusteae
883 2317 1039 2382 historiae
1061 2317 1273 2404 scriptoribus

160 2423 268 2488 vestri
284 2422 414 2488 Codicis
431 2426 656 2490 auctoritatem
671 2423 793 2512 passim
811 2421 954 2507 vulgatis
973 2418 1170 2486 editionibus
1186 2427 1274 2484 ante-

162 2651 290 2703 Prseiat.
316 2639 429 2704 laudata
451 2651 578 2722 Catalogi
604 2635 837 2718 Olympiadem
859 2652 887 2699 et
904 2626 1025 2714 proxime
1043 2647 1182 2699 Eusebii
1202 2663 1274 2698 men-
1358 2630 1360 2635 ¹

162 2741 270 2790 tionem
288 2739 370 2805 facit,
390 2740 442 2791 heo
458 2740 523 2792 dete
541 2740 684 2792 occasione
702 2739 802 2789 addere
816 2737 916 2800 liceat,
939 2735 1015 2800 illam
1025 2725 1274 2800 Ὀλυμπιάδων

162 2817 381 2892 ἀναγραφήν
404 2827 561 2879 Eusebiano
581 2825 709 2878 thesauro
725 2831 877 2891 temporum
894 2840 921 2890 p.
941 2823 1002 2876 313.
1021 2839 1039 2873 a
1054 2823 1115 2874 Jos.
1134 2822 1273 2888 Scaligero

161 2917 311 2980 insertam,
340 2921 366 2966 et
394 2931 411 2966 e
434 2915 570 2982 plerisque
587 2915 654 2966 viris
678 2913 780 2977 doctis,
808 2911 990 2965 Valckenario
1017 2910 1114 2973 etiem,
1141 2915 1168 2960 et
1185 2911 1219 2961 F.
1238 2910 1271 2962 Α.

163 3003 270 3056 Wolfio
295 3019 345 3070 pro
363 3003 539 3071 dodigersno
563 3019 644 3069 opere
667 3002 803 3066 habitem,
827 3016 862 3050 ex
884 3014 947 3050 asse
969 3010 1117 3063 congruere
1134 3012 1196 3050 cum
1213 3013 1276 3048 cen-
1310 3030 1312 3034 -

164 3096 247 3146 textu
266 3091 461 3160 Armenicum
491 3087 648 3144 iso-103.
673 3090 703 3140 iu
725 3087 872 3142 Eusebii
895 3084 1152 3140 chronicorum.
1167 3082 1275 3136 libris

164 3180 212 3232 ed.
229 3178 326 3245 Augei.
347 3179 416 3230 Maii
440 3183 468 3236 et
485 3179 530 3230 Jo.
547 3176 664 3230 Zohrabi
682 3175 831 3228 Mediolani
850 3173 939 3236 1818„
954 3188 1043 3238 neque
1059 3170 1175 3237 proinde
1189 3170 1275 3227 Scali-

165 3269 226 3336 geri
245 3283 306 3322 esse
321 3265 371 3336 sed
388 3264 523 3330 Anonymi
537 3264 643 3316 Graeci.
679 3264 740 3314 Hoc
758 3278 844 3329 nuper
868 3262 951 3312 etiam
967 3260 1037 3310 vidit
1055 3257 1163 3310 Soboell
1179 3258 1208 3308 in
1226 3242 1275 3315 Hi,-

166 3355 253 3405 stoire
277 3353 311 3404 de
333 3351 362 3404 la
378 3349 534 3402 Litdrsture
551 3343 673 3416 Grecque
696 3350 745 3402 VI.
770 3367 798 3416 p.
823 3349 884 3402 333.
920 3348 1062 3410 Ceterum,
1086 3343 1158 3412 quod
1175 3361 1192 3395 s
1209 3345 1276 3397 Bur·

165 3455 268 3492 manno
292 3440 513 3506 praetermissum
534 3440 632 3501 miror,
657 3451 753 3488 vocem
773 3429 992 3500 Φιλένεδρον
1015 3436 1045 3484 in
1062 3431 1081 3484 1.
1100 3429 1120 3484 l.
1145 3429 1277 3498 epistolae

151 3530 204 3582 'sd
221 3529 296 3582 Justss
320 3529 444 3594 Lipsium
467 3527 526 3592 ipse
551 3527 650 3578 fecisse
667 3524 775 3575 videtur
793 3525 836 3574 vir
853 3539 951 3590 graece
974 3521 1149 3573 doctissimus
1167 3519 1278 3586 Sylbur-

166 3620 246 3685 gius,
275 3614 429 3682 analogiam
457 3619 566 3666 secutus
594 3628 692 3664 vocum
710 3603 915 3676 belinzonem,
949 3599 1124 3674 Φιλήᾶονον,
1153 3608 1277 3663 alierum.

167 3704 248 3756 Illius
270 3701 332 3754 loco
356 3693 429 3752 siri
449 3694 565 3765 hocloco
583 3701 731 3766 posuisset,
755 3713 810 3764 quo
827 3695 1044 3747 insidiosum
1067 3694 1157 3746 illud
1175 3697 1277 3763 signiti-

168 3796 255 3856 caret,
273 3787 517 3842 ¹Alexandrinorum
535 3793 609 3838 certe
626 3787 791 3838 auctoritate
810 3799 840 3834 se
850 3784 922 3834 tueri
937 3787 1062 3849 poteram
1079 3783 1278 3836 1111111101]-
1350 3797 1356 3812 ·

169 3881 248 3945 berg.
266 3877 302 3928 ad
321 3877 432 3928 Homer.
456 3891 484 3942 p.
504 3875 547 3927 39.
573 3874 745 3926 Schleumeri
763 3870 858 3937 Spicil.
878 3869 916 3920 11.
934 3869 1000 3920 Lex.
1019 3869 1089 3921 Biel.
1104 3886 1133 3936 p.
1150 3871 1194 3923 65.
1230 3873 1278 3922 Ar·
1302 3932 1305 3940 Ι

169 3973 262 4018 tumen
280 3979 330 4030 pro
348 3956 465 4029 ἔφεδρον
483 3961 655 4013 substantivo
678 3959 851 4012 ecodicibus
868 3945 987 4021 ἐνέδραν
1009 3957 1039 4005 in
1061 3955 1183 4009 ordinem
1201 3958 1278 4009 redu-

170 4056 211 4104 xit
229 4054 305 4104 Aett.
324 4052 421 4116 Apost.
439 4049 544 4102 xxm.
573 4049 614 4101 16.
644 4046 850 4110 Griesbscbius‚
869 4046 916 4096 nbi
932 4044 989 4098 rid.
1006 4044 1072 4096 Ver.
1090 4046 1169 4097 Leot.
1187 4050 1215 4096 et
1231 4061 1278 4096 en-

169 4148 230 4194 not.
248 4141 284 4192 N.
303 4139 336 4190 Τ.
356 4137 411 4190 rol.
430 4137 468 4189 H.
487 4151 551 4202 pag.
572 4136 631 4188 132.
651 4133 693 4186 ed.
716 4131 796 4186 ulier.
912 4131 915 4136 ’
1265 4158 1267 4163 -

242 4226 286 4294 11)
307 4227 430 4278 ioannes
447 4224 631 4290 Cuspinisnus
654 4220 884 4292 (spsmhemmer)
910 4219 1130 4280 swenmrtenm
1156 4219 1279 4273 Francus

173 4321 274 4384 postea
287 4317 316 4366 in
332 4313 539 4366 vindobonensi
555 4310 697 4370 academia
712 4309 860 4362 historicus
877 4307 1043 4364 cassiodorii
1055 4305 1209 4359 chronicon
1225 4306 1280 4359 edi·

101 4383 108 4419 ¹
174 4407 252 4456 derat
270 4417 330 4454 cum
348 4401 550 4455 commentario.
582 4401 686 4452 <mccc
701 4399 731 4448 iu
749 4395 811 4461 eius
834 4395 964 4460 operibus
979 4393 1109 4444 Frmeot.
1128 4393 1205 4446 1601.
1237 4394 1280 4456 De

175 4495 226 4546 hcc
244 4491 304 4542 viro
321 4489 385 4542 vide
401 4503 469 4554 quos
486 4487 582 4542 laudat
600 4487 698 4558 Sosius
721 4486 755 4538 in.
768 4484 911 4542 onomast,
929 4483 988 4538 III,v
1001 4496 1030 4547 p.
1047 4480 1082 4532 32
1099 4496 1142 4547 sq,
1190 4527 1194 4536 ,

221 4595 337 4642 crena.
360 4595 474 4640 orceo.
1032 4564 1070 4623 ¹4
