3167 5192
179 387 184 391 ’
291 432 379 507 ea

292 606 434 675 Pascalli
454 607 556 675 libros
578 626 634 673 eos
655 604 790 693 legeret,
811 601 930 695 quibus
948 605 1029 673 haec
1051 606 1187 672 scientia
1202 606 1400 695 explicatur.

293 711 438 794 Quonam
465 718 618 797 uterque,
646 715 772 773 tantum
799 706 919 792 abfuit,
946 716 983 772 ut
1008 709 1072 795 ipsi
1091 708 1171 773 satis
1191 707 1332 792 faceret,
1363 717 1403 773 ut
1492 770 1500 795 p

292 814 402 903 potius
429 810 531 878 multa
557 813 594 875 in
622 810 761 876 clariore
786 809 860 877 luce
887 808 1040 875 collocari
1065 830 1161 899 posse
1190 810 1298 877 nullus
1328 813 1404 899 ipse

293 916 467 983 dubitaret.
810 924 814 931 '

376 1014 549 1081 Paridem
570 1021 698 1101 tempus
724 1016 941 1079 redamare
961 1012 1094 1079 Livium
1115 1014 1274 1097 lectitans,
1287 1026 1404 1101 quum

291 1120 426 1187 heroum
444 1116 665 1182 Romanorum
687 1114 837 1204 exempla
858 1115 965 1181 animo
984 1117 1183 1202 repetiisset,
1205 1114 1405 1203 illorumque

169 1221 178 1239 ‘
293 1220 538 1302 abstinentiam,
560 1217 733 1305 pudorem,
755 1239 899 1283 amorem
919 1216 1044 1305 patriae
1066 1217 1272 1306 reliquasque
1294 1218 1407 1283 divini

292 1324 418 1412 ingenii
445 1321 572 1386 indices
592 1320 730 1386 virtutes
752 1320 943 1406 cogitasset,
964 1320 1036 1406 jam
1056 1320 1158 1405 igitur
1175 1321 1279 1406 magis
1303 1321 1406 1386 etiam

196 1414 202 1445 '
292 1425 467 1493 abhorrere
494 1424 601 1509 coepit
626 1422 669 1488 ab
691 1444 744 1507 eo,
763 1423 851 1511 quod
870 1442 1045 1509 numquam
1067 1420 1250 1507 placuerat,
1277 1420 1406 1487 theolo-

294 1548 410 1614 gorum
436 1522 637 1613 quorundam
664 1522 801 1612 placito:
830 1524 968 1589 innatae.
989 1523 1155 1589 hominum
1175 1526 1307 1611 iugenio
1329 1546 1407 1612 pra-

295 1628 417 1694 vitatis.
461 1622 536 1706 Qua
562 1626 598 1689 in
613 1648 650 1690 re
670 1626 790 1691 Noster
811 1628 901 1691 visus
925 1634 974 1691 est
994 1646 1067 1689 cum
1089 1624 1246 1693 Cicerone
1270 1626 1407 1709 sentire,

296 1731 353 1817 qni
372 1748 439 1793 non
460 1725 644 1792 dubitabat:
661 1729 763 1815 „quin
782 1729 948 1815 specimen
968 1740 1103 1797 naturae
1125 1732 1197 1818 capi
1215 1728 1347 1795 deceret
1362 1750 1409 1793 ex

297 1832 419 1918 optima
435 1850 562 1918 quaque
576 1834 725 1894 natunr‘
746 1834 860 1922 Neque
878 1856 958 1901 vero
974 1834 1081 1898 minus
1100 1830 1291 1899 labefactari
1305 1852 1409 1917 posse

296 1930 432 2021 putabat
452 1930 518 1995 alia
536 1930 685 2018 plurima,
706 1956 789 2023 quae
803 1934 895 2001 illius
915 1937 1031 2003 aetatis
1053 1935 1197 2019 theologi
1216 1931 1407 1999 urebantur·

298 2032 426 2116 Quibus
453 2031 634 2102 rationibus
663 2034 779 2102 ductus
807 2058 828 2101 a
856 2038 1021 2124 theologia
1046 2036 1089 2101 ad
1115 2035 1206 2101 luris
1234 2036 1409 2101 scientiam

172 2146 177 2163 ¹
299 2134 429 2204 deiecit.
459 2134 583 2200 Verum
601 2158 644 2201 ne
665 2137 700 2201 in
720 2140 906 2228 ecquidem
922 2139 1029 2205 studio
1045 2138 1172 2221 mansit,
1196 2138 1253 2203 sed
1268 2144 1409 2203 naturae

166 2286 176 2299 .
297 2257 376 2303 suae
390 2235 680 2324 obtemperandum
694 2247 796 2325 ratus,
818 2250 921 2307 totum
936 2262 1008 2307 sese
1020 2238 1243 2329 philosophiae
1258 2238 1409 2305 tradidit.

384 2337 458 2421 Quo
476 2340 584 2404 minna
604 2341 640 2404 in
660 2346 753 2422 hujus
768 2348 908 2409 sdenttae
926 2349 1059 2423 ttstoria
1080 2360 1177 2431 quam
1197 2344 1227 2405 ei
1241 2341 1410 2429 placuisse

299 2464 398 2532 supra
424 2442 625 2525 monuimus,
657 2450 814 2529 quantum
841 2444 956 2531 vellet,
989 2446 1175 2534 proficeret,
1207 2444 1411 2533 impediebat

299 2548 418 2613 Graeci
440 2545 600 2610 sermonis
620 2545 760 2609 inscitia.
799 2544 901 2633 Cujus
923 2548 1115 2613 addiscendi
1135 2548 1410 2632 caussa,‚excita-

232 2726 234 2729 .
297 2658 351 2715 tus
371 2646 540 2713 Meinersii
560 2646 725 2733 exemplo,
748 2648 804 2734 qni
827 2650 964 2715 eundem
983 2658 1123 2716 tractare
1144 2660 1311 2739 coeperat,
1339 2672 1411 2715 una

298 2772 372 2817 eum
397 2748 454 2815 illo
481 2753 622 2831 Eyrr‘nqt'i
642 2749 864 2836 privatissima
899 2774 998 2839 opera
1025 2774 1104 2819 usus
1132 2762 1191 2819 est.
1236 2752 1345 2835 Quum
1368 2774 1410 2819 eo

258 2854 261 2859 ’
300 2854 466 2930 irretitutus
485 2860 587 2935 esset,
613 2860 650 2916 ut
678 2852 851 2939 scriptores
874 2852 1017 2919 Graecos
1039 2854 1149 2941 legere
1166 2864 1292 2943 posset,
1323 2854 1411 2921 nihil

300 2949 475 3023 studiosius
497 2975 673 3041 aggressus
695 2962 760 3039 est,
790 2976 887 3043 quam
916 2957 1003 3045 quod
1025 2958 1068 3023 ad
1088 2956 1282 3025 illustranda
1302 2954 1410 3043 philo-

300 3058 474 3146 sophorum
499 3056 621 3145 placita
647 3056 756 3123 facere
781 3060 965 3144 videretur,
995 3082 1144 3147 quorum,
1174 3067 1410 3149 quantumcun-

302 3182 366 3249 que
385 3167 505 3248 posset,
522 3159 594 3246 jam
613 3167 683 3224 tum
702 3179 879 3247 congerere
908 3165 1007 3251 inque
1030 3163 1227 3229 adversariis
1248 3182 1411 3249 reponere

248 3253 260 3273 ’
302 3264 418 3352 coepit.

190 3439 192 3444 s
307 3397 323 3416 ·-
387 3363 623 3431 celebrabatur
652 3386 691 3431 eo
717 3372 863 3454 tempore
892 3372 1005 3448 Gopetit
1026 3372 1106 3433 Galli
1132 3388 1212 3455 opus
1235 3372 1272 3431 de
1293 3372 1414 3447 oriytm

248 3534 253 3543 ,
299 3479 408 3565 lecum,
429 3474 539 3533 artiom
552 3468 611 3532 rel.
655 3468 710 3533 Ad
732 3469 803 3555 ejus
826 3468 998 3549 lectionem
1009 3453 1096 3536 'libri
1116 3470 1178 3535 hae
1196 3470 1337 3535 maxime
1357 3487 1411 3533 oo-

303 3570 460 3657 gitatione
482 3570 638 3635 invitatus
660 3579 710 3635 est
729 3568 867 3655 Noster,
896 3573 983 3659 quod
1004 3573 1051 3637 ibi
1074 3564 1231 3639 nonnulla
1249 3571 1412 3659 explicari

303 3673 461 3758 crederet,
483 3694 658 3761 quaecum
679 3670 1138 3763 Puffendorfiitflobbesiique
1161 3675 1202 3739 de
1224 3673 1412 3739 conditione

303 3772 444 3841 naturali
468 3774 598 3863 placitis
624 3775 847 3862 conjunctiora
875 3784 993 3841 essent.
1037 3775 1092 3840 Ex
1119 3798 1181 3863 quo
1204 3775 1288 3840 libro
1311 3796 1411 3862 qutun

268 3961 272 3970 „
303 3876 476 3943 multarum
504 3876 628 3961 legum,
662 3878 780 3941 artium
805 3875 1004 3965 aliarumque
1033 3900 1141 3943 rerum
1171 3877 1420 3965 simplicissima,

303 3980 399 4045 initia
435 3986 608 4065 cognosset
644 3980 867 4067 rationemque
901 4002 960 4066 per
991 3989 1137 4069 tempora
1169 3980 1320 4067 deinceps
1356 3981 1411 4045 de-

304 4081 449 4148 ductam:
477 4082 547 4169 ipse
568 4082 693 4168 ingenii
713 4081 847 4145 humani
873 4080 1026 4149 historiae
1054 4082 1307 4150 conscribendae
1334 4096 1410 4149 cona

305 4183 412 4249 silium
433 4184 542 4271 cepit.
572 4182 682 4269 Cujus·
694 4186 742 4249 rei
763 4205 880 4249 caussa
900 4184 1082 4272 itineraria,
1104 4206 1240 4275 quomam
1257 4204 1411 4271 magnam

232 4288 235 4291 ’
304 4286 430 4373 copiam
457 4286 492 4349 in
518 4308 557 4351 eo
583 4285 668 4351 libro
689 4285 853 4351 laudatam
874 4287 1075 4373 reperiisset,
1105 4287 1278 4375 diligenter
1299 4287 1411 4373 legere

305 4397 337 4452 ct
359 4408 533 4475 excerpere
553 4389 703 4455 instituit.
738 4387 834 4471 Quod
856 4388 986 4476 quidem
1003 4388 1178 4455 'eonsilium
1193 4398 1272 4457 tunc
1286 4391 1412 4457 exitum
1499 4474 1500 4487 ἵ
