3167 5192
1244 486 1306 549 235

94 707 95 748 3
196 617 383 721 Monstrare
410 663 544 722 conatus
561 661 623 724 ‘est
643 611 866 738 Hermannus.
896 653 938 718 de
958 653 1077 741 quibua
1097 675 1193 720 nemo
1213 653 1306 720 dubi-

94 819 95 834 ,
192 759 293 823 tavit
336 757 437 824 Plinii
468 759 582 844 locus,.
606 759 662 846 qui
693 774 746 822 me
777 756 908 842 fugerat
936 778 1009 820 cum
1036 755 1234 842 disputarem
1264 755 1306 821 de

194 861 325 946 pictura
355 859 390 923 in
411 859 608 946 parietibus,
635 879 688 925 me
709 877 775 924 non
797 858 894 924 valde
921 867 1040 923 movet.
1085 857 1198 924 Sermo
1219 862 1306 924 enim
1383 854 1388 861 ⁸

196 970 248 1026 est
273 961 314 1028 de
343 962 470 1049 pictura
495 984 513 1026 e
537 963 662 1048 perlata
690 969 833 1028 exsecta.
883 960 957 1026 Hoc
981 962 1099 1025 mirum
1128 961 1235 1026 visum
1257 971 1308 1026 est

93 1119 94 1146 p
136 1121 139 1128 .
194 1061 328 1148 populo.
357 1062 409 1128 De
430 1065 634 1150 praestantia
654 1065 802 1152 picturae
823 1085 865 1128 ne
881 1059 947 1147 yps)
969 1061 1110 1150 quidem.
1139 1061 1204 1128 Sed
1227 1063 1329 1151 quid·
1351 1071 1356 1076 “

93 1153 94 1174 ’
195 1162 303 1226 Tu‘-
318 1163 359 1228 de
377 1163 439 1230 hac
457 1163 649 1232 Prolusione
668 1173 791 1232 statuas
815 1167 900 1231 scire
922 1165 1067 1252 cupio*).
1090 1166 1180 1252 Opus
1199 1165 1323 1263 Tuum*

194 1264 237 1329 de
258 1267 397 1349 gemmis
417 1267 566 1350 caelatis,
586 1269 704 1356 quibus
719 1271 933 1335 incrustatum
955 1267 1019 1332 fuit
1036 1266 1219 1354 sepulerum
1237 1268 1305 1332 Eli-

92 1359 93 1400 *
194 1365 359 1452 sabamae,
380 1368 522 1434 Leskius
540 1370 640 1453 Tunc,
663 1393 735 1435 cum
757 1371 838 1437 haec
859 1369 1053 1454 scribebam,
1074 1370 1219 1436 nondum
1240 1378 1304 1436 tra-

196 1467 335 1534 diderat.
379 1470 462 1536 Vale
490 1471 629 1560 favoque
652 1471 723 1538 Tuo

241 1570 365 1658 Scripsi
381 1573 416 1636 in
426 1573 717 1639 discursationibu's
732 1597 814 1640 nun·
940 1575 1139 1660 Boettigero.

194 1672 346 1738 dinarum
375 1695 549 1741 vernarum
583 1699 612 1741 a.
640 1677 729 1742 1834.
757 1673 832 1740 Li·-

192 1777 285 1862 psiae
301 1777 336 1840 in
358 1799 469 1853 museo
484 1775 523 1844 O.
542 1773 586 1844 D.
601 1776 719 1844 Beckii
734 1779 809 1845 mei.

89 2041 90 2058 ³
193 2039 229 2088 H.
249 2039 284 2089 N.
304 2039 416 2091 XXXV.
440 2040 498 2102 49.;
523 2055 593 2106 quae
615 2044 697 2091 antea
719 2043 887 2091 tractaverat
906 2045 1014 2106 praeter
1031 2041 1086 2092 alia
1102 2041 1188 2092 multa
1204 2041 1304 2092 Radul-

191 2125 262 2191 phus
280 2127 433 2178 Rochettus
460 2129 489 2180 irr
507 2129 625 2182 Journal
644 2129 691 2186 des
710 2128 829 2180 Savants
847 2127 933 2192 1833„
951 2134 979 2178 et
996 2145 1081 2193 nuper
1098 2128 1242 2179 admodum
1259 2129 1304 2179 de-

191 2229 246 2264 nuo
265 2216 397 2266 tractavit
420 2215 472 2268 Th.
493 2216 621 2268 Panofka
643 2219 678 2270 V.
697 2217 739 2269 Ol.
761 2219 815 2268 Zur
836 2216 993 2284 Erklarung
1014 2215 1061 2268 des
1078 2217 1192 2268 Plinius.
1211 2216 1303 2269 Berlin

195 2301 279 2364 18533
303 2303 349 2368 qui
373 2307 464 2353 tamen
487 2305 636 2370 ignoravit,
661 2305 744 2356 Plinii
767 2305 857 2355 locum
880 2305 991 2356 XXXV.
1015 2303 1042 2355 3.
1061 2303 1087 2356 6.
1115 2298 1154 2370 [p.
1172 2305 1233 2356 207.
1257 2305 1301 2356 ed.

88 2385 89 2414 ³
193 2387 292 2455 Sillig.]
310 2387 369 2454 jam
386 2390 421 2440 ab
439 2391 595 2441 Hermanno
612 2407 672 2443 csse
690 2389 855 2457 explicatum
874 2390 941 2457 (vid.
954 2391 1060 2442 Prolus.
1083 2407 1110 2456 p.
1121 2391 1179 2455 15„
1198 2391 1301 2458 Opusc.

194 2492 221 2541 p.
240 2477 290 2528 221
310 2492 351 2542 sq.
370 2482 398 2527 et
416 2477 452 2528 cf.
471 2479 625 2530 Panoskam
642 2477 660 2532 l.
680 2479 698 2532 1.
715 2497 742 2548 p.
763 2479 826 2547 10.).
1247 2547 1250 2553 Ι

262 2563 289 2632 *)
311 2565 485 2631 Boettigerus
509 2567 550 2616 uti
573 2567 614 2618 his
637 2569 666 2618 in
687 2568 817 2620 Literulis
841 2567 875 2618 de
899 2565 1011 2619 Godofr.
1036 2567 1186 2617 Hermanni
1206 2566 1300 2618 Prolu-

194 2653 273 2704 sione
288 2652 407 2719 iniquius
424 2643 544 2718 judicat,
561 2655 602 2706 ita
619 2660 650 2706 ut
667 2655 812 2723 plurimum
831 2660 890 2707 arat
905 2657 935 2705 in
953 2655 1013 2705 aliis
1031 2654 1175 2705 laudandis
1190 2655 1300 2706 nimius.

193 2739 248 2791 Sed
271 2739 462 2805 debuerim,
487 2742 520 2793 dc
543 2744 644 2795 Litoris
663 2745 882 2812 archaeologicis
900 2744 1088 2806 meritissimo,
1112 2741 1190 2808 plura
1210 2742 1301 2808 dispu-

194 2817 253 2878 tavi
268 2828 298 2878 in
316 2828 368 2880 dan
386 2829 543 2882 Deutschcn
562 2831 699 2886 Schriften
718 2852 766 2886 aur
783 2833 980 2899 Archaeelogie
997 2831 1059 2883 Vol.
1077 2831 1101 2881 I.
1123 2846 1150 2896 p.
1169 2829 1221 2882 434
1238 2845 1299 2896 sqq.
