3167 5192
1196 450 1238 517 52

128 629 249 715 Diog.
271 627 381 694 Laert.
405 627 450 695 H.
473 631 504 696 6.
523 630 568 696 de
585 630 786 718 Anaxagort
804 629 863 697 uhi
874 624 1120 714 αυνοοφήαασε
1140 623 1240 694 unilt

128 753 246 815 sensu,
268 731 312 797 ef.
334 731 383 796 ibi
403 732 551 820 Menag.)
574 732 726 798 (licuntur
743 754 797 816 ea,
816 755 901 822 quae
920 735 1098 798 miscentur
1116 737 1239 795 temere

129 842 162 898 et
187 831 439 900 conturbantur.
483 831 546 899 Cui
572 857 814 924 nonnumquam
842 836 995 922 jungitur
1021 835 1110 916 εἰκῆ,
1135 838 1172 896 ut
1196 829 1238 894 ab

130 936 345 1024 Aeschylo
368 939 405 1002 in
430 935 624 1002 Prometheo
651 937 751 1002 sinet.
781 941 855 1003 450.
899 936 998 1003 Haud
1019 934 1118 1001 valde
1145 932 1238 998 dissi·

127 1039 198 1104 mili
221 1061 325 1104 sensu
345 1039 511 1125 φέροσθαι
531 1039 603 1122 εἰκῆ
622 1060 662 1104 sa
682 1037 848 1124 dicuntur,
867 1043 903 1105 in
921 1040 1040 1129 quibus
1055 1056 1168 1124 §neque
1188 1053 1239 1098 ra-

129 1142 173 1204 tio
203 1163 269 1206 neo
299 1139 379 1207 ordo
398 1143 546 1230 apparet,
574 1141 680 1229 qualis
710 1143 825 1227 estis,
848 1165 913 1231 quo
932 1145 969 1207 in
990 1140 1110 1207 mundo
1131 1136 1239 1224 dispo-

129 1245 240 1310 nendo
268 1243 495 1330 servandeque
522 1244 591 1328 ogit
615 1243 833 1331 providentia.
884 1244 959 1310 Hoc
984 1243 1147 1332 posterius
1176 1239 1256 1303 fre-¹

129 1353 307 1434 quentatur
334 1343 415 1411 alibi
440 1353 473 1410 et
498 1343 619 1431 legitur
638 1347 673 1410 in
698 1345 813 1411 eodem
835 1339 986 1412 Suidae
1005 1347 1088 1412 loco.
1131 1337 1242 1426 φύρε·
1323 1361 1327 1368 ’

128 1455 213 1512 σθαι
241 1447 459 1534 polluendi
480 1469 608 1535 quoque
630 1447 850 1534 significatum
878 1449 986 1514 habet.
1019 1446 1239 1514 vid.*Gata·

128 1550 202 1614 her
232 1549 277 1614 ad
302 1549 404 1614 Marc.
432 1547 675 1614 Antonium.
704 1555 735 1615 4.
761 1552 846 1617 sicut
871 1559 903 1617 et
922 1549 1143 1640 premendi,
1163 1567 1241 1610 mo-

128 1651 354 1738 lestiasque
382 1649 525 1716 creandi.
577 1649 651 1731 Qua
684 1651 724 1716 de
749 1673 785 1716 re
814 1651 899 1718 dixit
922 1649 1241 1737 ¹Schweighaeu-

129 1776 247 1818 serus
269 1753 313 1818 ad
334 1753 476 1841 Epictet.
498 1751 639 1818 Dissert.
661 1773 736 1840 pag.
757 1757 830 1818 444.
1144 1751 1147 1755 ’

217 1854 329 1922 Secuti
359 1862 433 1920 sunt
460 1855 495 1922 iu
521 1853 583 1920 hac
611 1853 760 1920 doctrina
784 1857 946 1924 tradendt
975 1856 1078 1924 Stoici
1104 1852 1241 1918 Plato-

129 1983 235 2042 nem,
260 1961 317 2047 qui
331 1958 456 2046 primus
477 1955 562 2024 dixit
576 1951 739 2042 πρόνοιαν
753 1961 818 2026 ost
834 1959 1140 2050 providentiam
1153 1955 1243 2038 Dei,

128 2069 213 2126 teste
235 2059 477 2126 Phavorino
499 2058 586 2148 apud
604 2057 774 2124 Laenium
792 2061 856 2128 IH.
886 2067 936 2130 24.
960 2085 1056 2152 quem
1082 2059 1189 2126 locum
1208 2057 1243 2120 in

130 2185 224 2227 suam
247 2184 317 2226 rem
339 2161 490 2228 adhibuit
502 2159 679 2249 Bentley
701 2161 722 2225 l.
746 2183 834 2250 supr.
853 2163 875 2228 l.
919 2167 965 2230 At
983 2185 1063 2229 vero
1081 2167 1152 2248 jam
1171 2159 1241 2224 Eu·
1377 2217 1382 2225 ,

130 2264 311 2352 ripidem
338 2265 480 2348 dixisse,
509 2264 565 2351 qui
592 2263 720 2329 fabulas
749 2263 881 2330 doceret
909 2287 972 2354 quo
997 2272 1143 2352 tempore
1162 2283 1243 2325 non-

131 2367 210 2432 dum
229 2375 327 2432 natus
350 2367 468 2432 Plato
491 2374 591 2449 esset,
613 2365 739 2440 idoneis
763 2367 923 2455 exemplis
943 2367 1143 2434 demonstrat
1162 2363 1243 2429 Da-

131 2471 267 2535 visius
291 2469 334 2534 ed
356 2468 424 2534 cic.
447 2467 488 2534 de
507 2465 549 2532 N.
573 2467 617 2532 D.
640 2467 685 2532 II.
716 2472 766 2534 31.
811 2469 993 2558 Euripides
1013 2479 1121 2537 autem
1139 2461 1245 2534 multa

132 2575 165 2639 in
189 2575 260 2640 suis
283 2573 414 2662 seriptis
437 2593 511 2638 eum
532 2569 761 2658 philosophum
783 2575 984 2662 expressisse
1005 2580 1126 2640 norunt
1144 2571 1244 2658 hujus

133 2676 291 2760 studiosi,
320 2684 354 2741 et
376 2674 546 2740 confirmat
566 2671 876 2740 Valckenarius
903 2676 1046 2742 Dianih.
1072 2677 1108 2740 in
1127 2670 1242 2761 Eurip.

133 2779 268 2866 Fragm.
296 2800 373 2867 pag.
402 2780 473 2844 118.
508 2779 579 2842 207.
631 2774 805 2861 Πρόνοιαν
833 2787 942 2844 tamen
970 2787 1003 2844 et
1024 2783 1245 2864 προνοεῖσθαι

132 2881 196 2948 alio
227 2901 359 2968 quoque
387 2901 486 2946 sensu
513 2899 691 2967 usurpasse
720 2881 897 2968 scriptores
922 2889 997 2969 post
1017 2881 1243 2962 Platonem,
1367 2879 1371 2886 “

132 2983 178 3050 ita
199 2991 238 3048 ut
259 2982 440 3071 quamlibet
464 3003 575 3048 curam
597 2990 630 3047 et
654 2983 863 3070 prudentiam
891 2984 1069 3070 significet,
1096 2991 1244 3064 nonest,

132 3089 221 3176 quod
243 3089 417 3154 moremur.
461 3085 535 3150 Hoc
562 3105 663 3151 unum
684 3085 805 3152 addere
822 3085 936 3171 liceat,
960 3087 1002 3152 ob
1023 3086 1105 3175 ipsis
1126 3084 1244 3175 Stoicis

132 3191 188 3256 illa
209 3191 261 3256 sic
284 3189 432 3256 adhibita
452 3189 605 3277 reperiri,
627 3185 722 3254 verbi
743 3209 860 3254 οοοοοο
886 3188 1017 3254 Marci
1041 3177 1244 3253 Antonini

135 3291 386 3361 Commentariis
406 3289 501 3357 VIII.
525 3293 555 3356 3.
578 3289 637 3355 ubi
651 3289 885 3356 Gatakerus
900 3294 1022 3356 excitat
1042 3289 1125 3355 illud
1140 3291 1244 3377 Apo·

133 3398 233 3464 stoli
253 3396 359 3483 Epist.
378 3393 423 3458 ed
441 3392 535 3464 Rom.
557 3391 656 3458 XIII.
685 3397 734 3458 14.
756 3397 815 3478 τῆς
834 3387 960 3477 σαρκὸς
982 3387 1148 3479 πρόνοιαν
1167 3412 1246 3456 suco-

133 3507 247 3568 εϊσθαι
274 3501 321 3576 εἰς
347 3496 537 3580 ἐπιθυμίας.
588 3495 730 3562 Uberius
759 3495 801 3561 de
832 3495 947 3561 harum
970 3519 1091 3563 vocum
1119 3517 1182 3560 usu
1209 3496 1245 3560 in

133 3603 172 3668 N.
197 3602 238 3667 Τ.
263 3601 363 3669 obuio
385 3599 453 3684 egit
473 3597 726 3664 Wetstenius
749 3598 791 3665 Nc
813 3597 852 3663 Τ.
872 3598 918 3662 Π.
946 3619 1023 3686 pag.
1047 3598 1137 3686 86²⁸).

220 3705 268 3772 Ut
291 3704 334 3770 ad
355 3701 526 3766 Platonem
552 3707 714 3784 revertar,
737 3701 791 3766 hio
816 3700 931 3766 divine
949 3698 1022 3783 ifle,
1052 3722 1117 3789 qua
1132 3699 1245 3788 pollet,

135 3801 323 3898 eloquentia
341 3805 569 3894 providentiae
591 3803 723 3868 divinae
746 3803 781 3867 in
800 3824 854 3868 res
874 3801 1032 3868 humanas
1052 3813 1246 3892 potestatem

135 3910 275 3977 mirifice
291 3908 463 3998 praedicat
481 3927 554 3972 cum
573 3905 647 3972 aliis
660 3905 695 3970 in
711 3903 816 3989 libris,
833 3914 903 3970 tum
917 3905 952 3970 in
969 3905 1095 3972 decimo
1114 3906 1161 3971 de
1175 3906 1244 3971 Le·

135 4023 329 4036 m—

206 4082 233 4152 *)
251 4085 293 4154 De
311 4078 492 4152 προμηθείᾳ,
513 4095 569 4148 qus
584 4095 652 4132 voce
670 4080 752 4131 etiam
769 4080 1000 4146 providentia
1022 4080 1115 4132 divina
1132 4081 1245 4147 insigni-

137 4177 196 4238 tur,
216 4172 252 4223 ol.
278 4171 332 4224 loci
357 4187 425 4238 quos
443 4171 548 4242 profert
567 4167 768 4234 Stephanus
786 4167 816 4217 in
833 4168 967 4222 Thesanr.
985 4168 1052 4236 ling.
1071 4185 1112 4236 gr.
1127 4184 1150 4220 s.
1168 4169 1196 4220 h.
1216 4185 1244 4219 v.

137 4277 162 4327 p.
188 4259 266 4312 1771.
293 4259 336 4312 ed.
362 4259 462 4324 Didot‚
486 4259 534 4328 ubi
558 4274 575 4309 a
594 4271 637 4308 me
661 4258 744 4308 etism
761 4253 948 4322 προμηθείας
968 4257 1069 4308 citatur
1095 4271 1127 4307 ex
1152 4254 1244 4322 Olym-

136 4348 257 4413 piodoro.
294 4347 376 4402 Nune
394 4345 464 4400 adde
482 4361 552 4414 quae
570 4345 686 4414 adposui
704 4344 740 4397 sd
750 4343 892 4398 Plotinum
903 4345 953 4400 Ν.
972 4345 999 4400 3.
1015 4345 1057 4401 14.
1075 4360 1103 4413 p.
1122 4341 1183 4397 213.
1201 4343 1245 4399 sc.

138 4434 226 4490 Oxou.
