3167 5192
1220 449 1280 514 103

256 613 327 679 Vos
343 597 416 699 itm
435 635 514 693 uico¹
529 614 634 680 ontio
653 612 872 706 cumpellabit,
891 613 1128 695 Humsnissimi
1142 596 1297 682 (lammi-¹

170 717 303 799 litones,
325 717 382 805 qui
402 715 464 780 hac
481 713 602 792 illustri
621 715 789 780 literarum
811 714 889 780 sede
910 715 1145 780 honestissimis
1164 717 1280 784 stuffiis

170 818 364 906 operamini.
407 816 483 884 Non
502 826 568 901 est,
589 816 679 905 quod
695 817 799 882 Vobis
821 817 997 905 explicem,
1020 839 1119 906 quam
1138 819 1206 884 vim
1223 819 1278 887 bo·

169 942 288 986 narum
301 921 421 986 artium
436 919 586 984 tractatio
599 917 728 1001 babeat,
751 918 934 1008 quibusque
950 941 1008 984 eae
1022 919 1120 985 rebus
1139 923 1280 988 maxime
1363 943 1367 950 ’

104 1008 105 1015 ¹
170 1024 417 1107 contineantur,
447 1015 576 1110 quando
595 1027 628 1085 et
647 1021 689 1086 iis
707 1029 890 1086 ceterarum
914 1021 1158 1108 disciplinarum
1178 1027 1279 1111 magi·

170 1126 248 1191 stris
270 1117 417 1208 utimini,
447 1121 504 1210 qui
524 1130 557 1187 et
577 1123 669 1188 vocis
687 1131 719 1188 et
737 1121 879 1211 exempli
900 1125 951 1188 sui
973 1127 1163 1191 auctoritate
1181 1124 1278 1212 hujus

168 1229 217 1293 rei
239 1227 436 1320 gravitatem
456 1224 589 1310 egregie
606 1224 830 1309 declararunt3
852 1233 885 1290 et
905 1237 984 1291 ver'o
1005 1225 1039 1289 in
1060 1225 1112 1292 bis
1129 1227 1208 1314 ipsis
1229 1249 1277 1292 ar-

167 1330 259 1396 tibus
280 1330 314 1394 ei
333 1327 460 1407 doctori
478 1347 612 1414 operam
630 1326 731 1409 datis,
751 1327 809 1416 qui
823 1347 878 1390 sas
892 1325 1018 1414 ingenii
1035 1329 1088 1392 sui
1100 1323 1277 1395 doctrinae

100 1424 101 1427 ¹
167 1454 233 1521 que
255 1430 429 1519 splendore
450 1428 622 1513 insigniter
642 1427 830 1494 illustravit.
858 1429 924 1494 Hic
940 1428 1044 1494 Vobis
1062 1437 1094 1494 et
1111 1430 1222 1496 verbis
1245 1439 1278 1513 et

167 1534 360 1622 quotidiano
386 1553 451 1598 usu
477 1529 659 1596 luculenter
683 1537 866 1596 monstrare
892 1531 989 1596 solet:
1021 1553 1089 1596 non
1110 1531 1145 1598 isi
1166 1535 1222 1618 agi
1242 1535 1277 1597 in

167 1637 231 1700 bac
252 1633 436 1722 discipline,¹
456 1640 493 1697 ut
513 1631 681 1698 literarum
702 1634 812 1720 apices
831 1641 1001 1717 sectemur,
1021 1639 1058 1699 ut
1073 1632 1116 1698 st
1133 1633 1275 1720 syllabas
1327 1717 1330 1726 ,

168 1734 452 1817 adbaeresoamus,
473 1741 507 1797 et
527 1733 562 1796 in
580 1734 715 1800 minutis
735 1755 843 1822 neque
857 1733 1002 1800 liberalis
1015 1733 1154 1800 hominis
1169 1737 1275 1804 studio

168 1837 280 1923 dignis
302 1835 557 1923 quaestiunculis
578 1844 705 1924 tempus
729 1845 890 1902 teramus:
921 1837 995 1922 sed,
1017 1838 1170 1926 quonism
1188 1845 1275 1904 recte

167 1938 337 2028 cogitandi
357 1936 570 2025 sapientique
591 1935 810 2024 intelligentia
830 1947 864 2004 et
888 1954 1005 2006 u'suse
1029 1947 1176 2008 veterum
1198 1941 1274 2004 scri-

165 2043 231 2126 ptis
251 2039 345 2106 velut
366 2061 409 2106 ex
428 2038 655 2126 limpidissimo
681 2039 883 2128 perennique
905 2039 1083 2129 sapientiae
1105 2041 1195 2108 tonte
1218 2042 1274 2108 du-

165 2151 278 2226 catur,
306 2143 363 2229 qui
390 2143 521 2208 nonnisi
540 2142 717 2208 verborum
737 2143 960 2230 sermonisque
982 2141 1102 2208 Graeci
1123 2143 1274 2208 Romani-

165 2266 232 2331 que
259 2246 415 2309 accurati
438 2245 578 2310 scicntia
600 2243 725 2309 recludi
753 2253 786 2308 et
810 2243 930 2332 aperiri
958 2253 1069 2332 queat,
1102 2255 1274 2332 propterea
1309 2333 1312 2337 .

164 2346 354 2434 iaciendum
380 2369 468 2432 esse,
497 2355 534 2411 ut
557 2347 593 2411 in
618 2347 794 2414 verborum
813 2343 1032 2430 cognitionem
1053 2354 1085 2412 et
1104 2348 1273 2436 utriusque

165 2450 328 2515 sermonis
356 2470 451 2515 usum
478 2470 539 2516 nos
563 2451 693 2536 penitus
717 2451 930 2514 insinuemus.
973 2447 1028 2513 Ab
1056 2467 1093 2514 ao
1116 2449 1188 2515 viro
1205 2450 1273 2517 Vos
1357 2529 1360 2536 Ι

165 2551 308 2618 institisti
334 2552 454 2635 nostis,
478 2572 544 2618 non
565 2546 636 2618 ‘huc
662 2560 811 2640 spectare
829 2559 959 2618 nostrae
981 2552 1049 2617 vim
1072 2551 1271 2639 disciplinae,
1373 2642 1380 2648 .

165 2662 201 2718 ut
222 2651 409 2719 fabularum
429 2674 534 2738 nugas
550 2675 757 2740 aucupemur,
778 2654 1059 2742 recoquendisquc
1080 2654 1272 2741 vulgaribus

164 2754 264 2820 rebus
286 2754 407 2820 bonum
428 2755 530 2819 otium
550 2756 740 2843 perdamus:
770 2778 885 2822 verum
905 2756 970 2821 huc
992 2764 1153 2844 spectare,
1171 2765 1208 2821 ut
1225 2757 1272 2821 in-

164 2858 384 2946 terpretandis
418 2857 554 2922 Graecis
589 2857 810 2946 Romanisque
841 2855 1070 2944 scriptoribus,
1103 2880 1124 2922 a
1155 2857 1271 2944 quibus

164 2961 311 3024 omnium
340 2959 584 3049 disciplinarum
615 2960 698 3024 ratio
727 2959 889 3042 manavit,
920 2959 1132 3024 maximarum
1163 2981 1272 3024 rerum

165 3063 362 3149 cogitatione
393 3060 583 3145 evehamur,
614 3084 698 3150 quae
725 3062 768 3127 ad
789 3063 891 3136 uitam
909 3059 1096 3145 humanam,
1125 3061 1167 3127 ad
1189 3085 1270 3126 rem-

163 3163 331 3252 publicam
348 3184 430 3252 paoe
449 3162 601 3251 belloque
625 3163 932 3244 administrandam,
957 3161 998 3226 ad
1017 3161 1140 3248 legum,
1159 3165 1271 3250 jurum
1387 3183 1390 3192 ’

162 3266 393 3352 cognitionem,
413 3265 456 3330 ad
478 3274 581 3330 artem
602 3267 762 3332 medicam
782 3275 814 3331 et
831 3285 957 3330 sacram
974 3263 1008 3328 in
1023 3266 1136 3351 primis
1155 3265 1270 3331 doctri.
1366 3295 1370 3303 ,

161 3389 239 3434 nam
273 3368 328 3434 vel
360 3368 502 3434 maxime
529 3367 673 3450 iaciunt3
708 3366 825 3454 quibus
857 3367 991 3454 ingenia
1018 3367 1269 3454 conformantur,
1327 3399 1331 3410 ·

161 3493 272 3538 mores
301 3469 514 3536 emendantur
541 3491 581 3534 ac
606 3476 780 3554 reguntur,
809 3453 1077 3558 quibus'animus
1099 3469 1270 3540 adrerum
1327 3485 1331 3492 ⁴

159 3573 375 3664 pulchrarum
394 3593 525 3638 sensum
541 3571 710 3656 mitigatur
732 3579 764 3636 et
786 3573 960 3656 excolitur,
982 3596 1048 3640 uno
1066 3571 1178 3658 verbo,
1200 3574 1268 3660 qui·

160 3678 223 3744 bus
233 3751 237 3758 ,
247 3677 321 3764 ipsa
336 3674 519 3742 humanitas
537 3673 731 3739 continetur.

247 3779 365 3867 Neque
382 3778 452 3843 Vos
470 3794 533 3863 ego
553 3797 640 3841 nuno
660 3775 857 3862 admonebo,
882 3785 920 3842 ut
942 3776 1031 3847 omni
1052 3775 1199 3843 adhibiti
1221 3777 1268 3841 in-

161 3882 292 3950 dustria
315 3900 427 3946 earum
449 3879 569 3944 artium
590 3876 719 3942 laudem
737 3877 943 3970 bustumque
964 3881 1119 3968 consequi
1141 3881 1268 3945 studea-

160 3989 214 4054 tis.
260 3981 336 4049 Hoc
356 3981 460 4048 Vobis
481 3977 700 4066 significatum
721 3980 812 4067 volo,
832 4005 898 4067 me,
921 3981 1267 4054 excellentissimorum

162 4088 375 4174 Collegarum
395 4082 554 4172 exemplo,
574 4082 610 4148 id
628 4106 729 4168 unum
748 4093 905 4170 amurum,
930 4093 967 4150 ut
987 4085 1115 4152 Vestris
1136 4083 1266 4150 rationi·

159 4189 222 4256 bus
251 4187 438 4271 consulam,
470 4194 503 4252 et
527 4195 685 4274 quantum
710 4189 836 4254 conniti·
859 4196 955 4276 atque
985 4187 1115 4254 efficere
1144 4196 1266 4274 potero,

162 4299 291 4373 tantum
316 4312 370 4356 mc
397 4289 591 4358 collaturum
617 4289 660 4356 ad
686 4291 915 4359 honestissima
940 4291 1048 4357 studia
1068 4287 1265 4376 adjuvanda,

160 4395 345 4483 Vestraqne
361 4393 496 4482 ingenia
510 4392 712 4462 &escarum
731 4394 898 4465 literarum
919 4393 1184 4490 antiquitatisque
1203 4411 1266 4465 usu
