3167 5192
1202 430 1270 517 111

155 625 191 687 in
216 623 286 688 hac
313 622 424 710 parte,
451 620 512 687 vel
525 628 600 709 post
617 620 887 707 ingeniosissima
909 534 1106 687 sabbarum
1126 618 1271 757 1111111111

154 727 320 811 inventa,
329 720 491 854 hodieque
509 722 687 790 elaborant.
1118 745 1120 759 ¹

248 839 426 950 Praeterea
443 839 594 943 iervehat
613 833 768 961 historiae
783 806 1027 968 philosophicae
1042 824 1194 955 studium
1216 876 1269 943 De

155 1007 228 1073 qua
241 1008 306 1073 qm
294 973 431 1063 adhuc
452 980 583 1067 optime
592 990 789 1077 meruerant,
811 982 845 1050 in
869 971 915 1050 iis
934 980 1003 1047 fere
1025 946 1272 1049 desiderabatur

155 1086 218 1152 ille
247 1085 400 1156 subtilior
426 1105 541 1150 sensus
565 1083 786 1171 antiquitatis,
818 1105 882 1171 quo
903 1074 1051 1165 cavetur,
1080 1088 1270 1165 1111111111

157 1187 377 1287 philosophos
404 1208 425 1251 1
444 1186 635 1252 recentioris
661 1186 778 1258 aetatis
799 1186 910 1254 indole
929 1186 1115 1268 metiamur,
1142 1182 1200 1249 sed
1216 1206 1271 1271 pe·
1391 1224 1394 1227 -

158 1291 253 1357 niuis
282 1312 344 1355 nos
374 1288 575 1369 insinuemus
607 1287 642 1353 iu
678 1308 789 1352 comm
822 1288 988 1375 cogitandi
1021 1286 1272 1373 disputandique

159 1393 308 1460 modum
353 1390 458 1508 Cujus
482 1392 532 1455 rei
559 1375 657 1476 culpa
686 1389 826 1475 potior
817 1412 852 1455 111
880 1388 962 1457 illud
992 1387 1189 1455 conferenda
1214 1397 1273 1473 est,

159 1489 253 1580 quod
271 1494 387 1580 graeci
408 1491 486 1558 libri
506 1513 566 1579 per
581 1490 791 1562 Germaniam
811 1490 952 1571 rariores
974 1498 1075 1573 erant,
1098 1510 1272 1577 earumque

160 1596 329 1662 institutio
351 1594 519 1678 literarum
539 1602 596 1659 aut
616 1592 708 1659 nulla
727 1602 784 1664 aut
802 1593 892 1666 nullo
913 1594 948 1659 111
963 1613 1108 1660 numero.
1131 1590 1274 1675 Diuersa

161 1695 264 1785 hujus
292 1699 447 1785 temporis
470 1698 553 1763 ratio
573 1704 657 1779 erat,
688 1718 753 1783 quo
778 1696 1047 1764 rosaemannus
1065 1692 1112 1775 ad
1133 1715 1205 1758 eam
1226 1692 1273 1761 hi·
1367 1732 1370 1745 ‹

163 1802 302 1895 storiam
331 1800 478 1865 accessit.
522 1798 598 1864 Jam
624 1798 769 1884 paratior
797 1806 868 1863 erat
893 1798 1113 1886 exemplorum
1141 1816 1273 1881 graeco-

162 1925 240 1967 rum
260 1902 365 1989 copia,
387 1899 680 1989 expeditiorque
651 1921 722 1986 eJus
741 1901 899 1967 sermonis
914 1898 1108 1979 addiscendi
1123 1894 1272 1976 Macultas

165 2003 258 2087 Quo
263 2004 442 2070 studiosius
455 2000 574 2069 Noster
589 2001 681 2069 illam
698 2000 904 2089 disciplinam
918 2022 1093 2089 aggressus
1110 2008 1168 2085 est,
1190 2022 1274 2089 quac

164 2108 231 2171 11
220 2106 348 2193 ingemi
369 2101 545 2181 exercendi
564 2103 762 2171 uberrimam
781 2106 951 2183 materiam
969 2102 1151 2193 praeberet,
1169 2125 1274 2191 neque

148 2210 342 2282 ‘mediocris
367 2208 474 2275 laudis
501 2230 593 2297 spem
621 2206 821 2293 ostenderet,
848 2208 965 2295 cuique
982 2204 1183 2283 excolendae
1204 2206 1275 2293 ipse

163 2311 370 2399 praesidium
387 2318 537 2399 paratum
562 2308 699 2377 haberet
721 2310 757 2374 in
777 2308 1053 2397 interpretationis
1069 2328 1146 2391 usu,
1178 2328 1274 2395 quem

165 2414 209 2480 ab
230 2413 364 2503 Heynio
376 2409 586 2503 'perceperat
626 2412 814 2479 Accedebat
835 2410 1114 2496 bibliothecarum,
1135 2412 1275 2505 primum

167 2516 398 2604 Gottingeusis
424 2514 544 2601 deinde
571 2513 779 2582 Cassellanae
801 2514 1040 2603 opportunitas,
1066 2506 1274 2601 1113111111-

166 2642 242 2685 rum
261 2606 420 2707 cujusque
440 2618 571 2707 generis
598 2626 757 2706 apparatu
777 2620 1017 2683 instructarum.
1060 2615 1124 2683 Illa
1144 2617 1275 2705 quidem

170 2716 390 2798 thdcmcaaas
412 2722 469 2805 ita.
484 2742 565 2787 usus
593 2728 659 2804 est,
686 2730 723 2787 ut
749 2717 810 2787 sub
838 2720 946 2808 ipsum
977 2722 1120 2787 muneris
1147 2722 1276 2788 initium

169 2845 246 2889 eum
267 2818 388 2889 librum
408 2820 505 2889 edere
525 2830 646 2910 posset,
668 2844 732 2911 quo
754 2821 937 2892 Stoicorum
956 2821 1077 2910 placita
1091 2822 1276 2907 illustravit,

168 2927 226 3014 qui
246 2924 409 3033 hodieque
430 2925 466 2989 in
481 2919 646 3013 primariis
665 2927 737 3013 ejus
753 2927 884 3012 generis
902 2917 1068 2994 'censetun

257 3074 442 3143 Caerelliani
468 3077 611 3165 denique
635 3078 779 3143 muueris
803 3097 842 3143 ea
857 3080 940 3143 ratio
962 3086 1046 3160 erat,
1074 3096 1157 3163 quae
1178 3070 1276 3163 pluri*-

169 3198 259 3245 mum
281 3179 550 3267 vacuitemporis
574 3179 804 3268 suppeditaret,
828 3175 915 3267 quod
935 3175 1001 3263 ille,
1023 3178 1080 3266 qui
1096 3178 1192 3245 horas
1209 3198 1277 3245 car·

169 3289 251 3369 pere
267 3280 454 3372 didicisset,
475 3281 529 3348 vel
550 3280 782 3370 philosophicis
800 3276 1064 3347 meditationibus
1084 3281 1278 3367 insumebat,

170 3384 473 3475 veljcongerendae
489 3386 644 3451 materiae
662 3380 836 3449 literariae.
870 3382 1001 3449 Etenim
1014 3384 1085 3471 jam
1104 3393 1174 3449 tum
1192 3383 1278 3470 cogi·

170 3488 313 3553 tationes
329 3490 407 3551 suas
428 3486 650 3575 lectionesque
668 3486 871 3573 comparavit
892 3487 936 3553 ad
957 3484 1040 3553 illud
1062 3486 1169 3574 majus
1187 3474 1278 3575 opus,
1409 3513 1411 3519 ¹

171 3611 238 3679 quo
272 3597 388 3676 postca
423 3590 596 3656 universae
629 3588 854 3677 philosophiae
887 3588 1057 3655 historiam
1091 3588 1278 3657 illustravit.

171 3693 282 3774 Quam
311 3690 482 3758 historiam
506 3693 599 3759 velut
624 3714 644 3757 c
670 3694 776 3779 capite
804 3690 967 3758 deducens
998 3694 1129 3781 scripsit
1155 3692 1217 3761 sub
1244 3690 1279 3759 id

169 3804 304 3883 tempus
317 3800 399 3862 Vitta
415 3806 445 3861 et
455 3801 574 3861 Placita
587 3800 852 3861 Vetasttsu‘mcram
865 3798 1010 3861 Graecim
1023 3793 1277 3879 sarracenorum.

174 3897 249 3979 Quo
270 3904 349 3975 tunc
368 3895 453 3963 libro
472 3896 668 3964 doctissimis
689 3898 770 3963 viris
792 3920 884 3963 suam
906 3920 978 3964 cum
997 3890 1165 3963 scientiam
1177 3898 1280 3987 philo·

174 3997 310 4086 sophiae
337 4000 698 4088 antiquitatisquetum
726 3999 939 4066 subtilitatem
962 4000 1187 4089 judiciumque
1207 4022 1280 4089 pro-

172 4100 277 4169 bavit.
320 4100 417 4167 Illam
442 4099 574 4190 quidem
602 4102 719 4189 majori
745 4104 1057 4190 operi'destinatam
1083 4100 1211 4189 sylvam
1239 4104 1282 4168 e's'r

175 4226 217 4272 eo
234 4206 378 4271 maxime
397 4213 542 4295 tempore
565 4204 738 4292 disponere
759 4214 792 4269 et
814 4206 977 4293 explicare
990 4204 1146 4288 instituit,
1166 4204 1281 4293 quoin

174 4308 236 4375 hac
257 4308 425 4375 academia
446 4304 749 4395 docere'coeperat.
779 4304 877 4389 Quod
890 4310 1013 4375 factum
1026 4317 1075 4375 est
1089 4322 1173 4373 anno
1191 4308 1281 4391 17811,

175 4432 247 4477 cum
275 4415 486 4488 Samaritam
510 4411 670 4496 1111111111,
699 4410 862 4499 hujusque
888 4408 1073 4477 academiae
1100 4411 1282 4499 sospitator,
