3167 5192
344 639 553 729 amotum,
574 649 641 731 qut
660 643 812 710 barbaris
833 643 986 730 genubus
1004 645 1124 732 majus«
1141 639 1304 732 mitri
1325 644 1465 715 nullum

286 738 288 745 ’
343 758 467 838 potest,
494 768 561 814 non
585 747 658 834 jam
685 745 788 812 dubit
806 754 977 832 pottarmn
997 746 1077 830 fide,
1106 747 1166 832 sed
1186 735 1284 813 aeno*
1295 747 1465 813 historiae

343 851 545 934 momento,
568 847 708 914 Athenis
728 848 864 931 Atticis,
884 857 1050 937 tamquam
1067 851 1210 938 patrium
1231 851 1467 938 nativumque,

345 952 596 1020 vindicabimus.
646 949 793 1016 Patrium
821 959 929 1016 autem
947 953 1152 1038 cumdius,
1188 973 1254 1020 non
1282 951 1346 1021 lsoc
1372 952 1469 1038 dico,

344 1065 385 1122 ut
402 1077 485 1139 eum,
508 1057 566 1142 qui
584 1052 711 1139 primns
727 1053 854 1124 semina
872 1053 908 1116 in
929 1053 1317 1144 Attieoagrosparserit,
1337 1073 1469 1139 negem

259 1163 264 1175 ‘
345 1157 404 1222 illa
421 1156 608 1244 asportasse
621 1153 771 1238 aliunde,
792 1163 908 1242 sponte
922 1155 1046 1224 ibidem
1060 1168 1137 1224 nata
1156 1155 1382 1234 tantummodo
1402 1177 1465 1222 co-

345 1256 448 1326 luisse
466 1278 612 1345 arguam.
655 1255 729 1322 Huc
749 1255 839 1340 dico,
861 1258 1009 1346 quisquis
1026 1259 1244 1348 undecunque
1255 1259 1387 1324 semina
1407 1279 1467 1323 ac-

344 1363 482 1450 ceperit,
502 1359 656 1441 melem,
677 1360 714 1422 in
729 1359 876 1425 Graecia
891 1370 984 1426 'certe
992 1409 1001 1446 ,
1020 1364 1164 1450 primm
1181 1359 1301 1428 Atticis
1313 1361 1467 1428 'homini-

346 1463 408 1531 b'as
438 1460 617 1542 arationem
654 1458 817 1549 boumque
849 1482 945 1529 usum
975 1475 1173 1532 monstrasse
1190 1487 1192 1494 ’
1208 1485 1282 1531 cum
1313 1481 1468 1544 vomere,

345 1587 455 1639 vanno
483 1564 625 1650 aliisque
658 1564 883 1633 insumentis
922 1567 1083 1641 aratoriis.
1146 1565 1299 1632 Cererem
1336 1573 1467 1648 autem,

347 1692 422 1736 cum
447 1667 678 1752 Proserpinam
708 1677 897 1752 quaereret,
924 1668 1122 1756 Triptolemo
1147 1667 1240 1734 heroi
1265 1665 1329 1732 lieo
1358 1665 1467 1731 artili-

224 1796 227 1802 ·
346 1773 435 1839 cium
452 1767 631 1839 tradidisse
652 1771 835 1845 communie
862 1769 957 1836 fama
976 1770 1135 1843 ferebat.¹
1158 1769 1203 1834 Et
1222 1767 1360 1858 patebat
1382 1791 1468 1855 ager

348 1874 503 1956 Rhasios,
530 1869 590 1936 ubi
614 1871 722 1957 prima
749 1872 868 1936 messis
895 1871 997 1957 facta,
1025 1872 1232 1939 venerandus
1261 1871 1467 1957 religionum
1496 1869 1499 1878 ’

348 1977 520 2051 mustita'te
541 1972 698 2062 Deaeque
716 1975 869 2060 vestigiis
890 1976 934 2041 ad
948 1976 1150 2064 posteritatis
1168 1975 1361 2040 memoriam
1385 1995 1465 2038 con-

346 2087 507 2171 secratus
522 2075 695 2142 luculentis
723 2085 894 2163 poetarum
918 2077 1126 2144 carminibus.
1177 2076 1324 2158 Quorum
1361 2097 1465 2142 ιιιιιιιιι

349 2180 597 2249 ιιοιιιιιῐιιιὶιιιι
617 2185 724 2244 aetate
746 2177 828 2246 baec
855 2183 928 2269 ipsa
952 2181 1048 2264 urbs,
1076 2188 1277 2268 pronaobsm
1296 2202 1315 2244 e
1332 2167 1463 2249 'biblio-

346 2281 668 2364 theeatlloscoviae,
696 2297 906 2362 tumtunm
933 2293 1129 2372 procurante
1154 2284 1196 2348 in*
1215 2281 1321 2349 lucem
1345 2279 1462 2346 edidit

348 2389 458 2475 Atque
479 2383 672 2450 divinabas
693 2383 836 2469 frugum·
846 2407 987 2451 munere
1001 2385 1168 2454 fortunata
1180 2385 1375 2451 Atticanon
1389 2385 1464 2470 ipsa

349 2488 456 2554 solum
473 2477 797 2571 insigniterfloruit,
827 2509 941 2554 verum
964 2488 1038 2555 aliis
1061 2509 1190 2577 quoque
1209 2485 1340 2575 populis
1364 2507 1462 2573 quam

345 2587 526 2680 plurimum
551 2585 703 2674 maiust..
737 2586 840 2676 Cujus
867 2590 1080 2677 benignitatis
1111 2589 1271 2656 memoria
1295 2587 1463 2654 celebrata
1497 2621 1498 2651 l

350 2693 451 2758 aiam
470 2691 625 2775 dcinoeps
651 2696 714 2771 est,
737 2709 812 2763 cum
836 2691 925 2758 aliis
931 2692 1049 2775 rebus,
1066 2701 1135 2758 tum
1156 2715 1210 2775 eo,
1228 2689 1324 2780 quod
1346 2713 1391 2757 ex
1412 2711 1460 2756 ce
1495 2709 1497 2775 j

350 2797 432 2860 teris
460 2790 590 2882 populis
627 2737 722 2856 mutel
752 2796 927 2879 quotannis
958 2743 1091 2881 frugbm
1119 2794 1302 2912 priminas
1301 2792 1460 2858 Athenas
1494 2813 1495 2837 ι

347 2897 482 2962 mittere
505 2903 756 2961 consueverunt.
799 2894 931 2976 Quanta
955 2917 1036 2964 vero
1055 2916 1132 2985 pars
1153 2897 1328 2962 universae
1351 2894 1459 2959 huma·
1492 2877 1494 2961 l

323 2998 478 3081 nitatis,
506 3017 669 3084 quamque
693 2996 867 3086 multiplex
891 2999 952 3064 hac
978 3001 1046 3065 unt
1060 2996 1275 3084 amoenare
1295 2995 1458 3060 confines
1490 2975 1492 3085 ,l

335 3109 420 3184 ¹tur,
440 3099 511 3165 hec
535 3099 609 3186 ipso
635 3098 844 3184 intelligitur,
872 3099 960 3187 quod
982 3101 1027 3166 ab
1054 3100 1182 3182 eodem,
1218 3099 1274 3186 qui
1301 3095 1467 3162 divinitus'

216 3197 234 3296 ι’
345 3203 534 3271 mtionam
559 3209 788 3286 monstrasset,
814 3202 884 3266 sive
911 3199 1111 3290 'lliptolemo
1134 3203 1205 3267 sire
1223 3199 1379 3288 Buzyge,
1407 3217 1456 3262 aas

351 3302 448 3389 legas
467 3324 542 3368 asse
564 3303 707 3368 sancitas
726 3303 895 3389 ¹terebant,
923 3325 1014 3392 quaa
1033 3327 1055 3382 a
1076 3303 1196 3370 neum
1215 3304 1289 3390 ipsa
1309 3301 1396 3366 latas
1416 3300 1456 3365 di·

351 3426 455 3470 ceres.
498 3404 544 3471 Et
565 3413 659 3470 erant
679 3407 714 3470 in
734 3404 894 3493 Buaygiis
923 3403 1203 3476 exsecrationibus
1225 3425 1299 3470 cum
1319 3404 1388 3470 alia
1408 3423 1456 3466 ne·

352 3508 496 3571 cessam
522 3507 570 3574 ad‘
591 3507 840 3592 humanitatem,
874 3518 943 3574 tum
966 3509 1040 3574 hoc
1061 3507 1185 3596 duplex
1216 3508 1455 3594 pronuntiatum

252 3676 255 3682 ,
352 3609 561 3693 gravimime:
584 3609 707 3697 „Sacer
727 3620 816 3695 esto,
836 3612 892 3700 qui
908 3612 1030 3678 erranti
1048 3612 1136 3676 viam
1153 3631 1219 3676 non
1241 3609 1456 3675 monstrarit.“

230 3776 233 3783 ,
352 3707 478 3792 „Sacer
498 3721 583 3797 esto,
603 3714 662 3802 qui
682 3711 886 3778 inhumatum
907 3713 1050 3778 cadaver
1075 3711 1217 3777 hominis
1238 3709 1455 3796 neglexerit.“

353 3808 468 3890 Quid?
489 3813 577 3880 idem
594 3815 668 3898 ille,
690 3814 721 3878 si
739 3814 953 3901 scriptoribus
972 3815 1150 3900 eredimus,
1177 3817 1214 3880 in
1235 3815 1386 3878 extrema
1404 3808 1455 3874 illt

226 3951 230 3956 -
352 3921 513 4002 ysmstate
535 3917 766 3982 sanctissimae
785 3917 899 3999 etiam,
920 3939 1017 4005 quam
1038 3918 1104 4004 ipsi
1123 3916 1322 4003 profitemur,
1346 3911 1452 3980 doctri·

245 4077 248 4094 .
350 4034 413 4078 me
431 4028 650 4101 congruenter
659 4017 973 4106 convenienterque,
993 4017 1110 4104 „alteri
1123 4013 1234 4084 iacere
1253 4018 1359 4083 vetuit
1378 4009 1452 4102 quo-l

295 4137 299 4144 ’
349 4114 414 4180 sibl
428 4117 500 4203 quis
522 4117 593 4185 lieri
610 4119 740 4188 nolit.“

405 4219 477 4284 .··Es
494 4222 692 4288 m‘nabimus
710 4222 843 4308 'priscos
862 4222 1015 4288 homines·
1032 4223 1188 4288 salutaria
1213 4221 1301 4286 haec
1321 4237 1450 4302 vereqa

111 4337 114 4345 '
225 4363 240 4378 ι
342 4320 461 4387 divina
478 4336 655 4414 praecepta
678 4324 728 4390 ab
749 4324 829 4412 ipsis
851 4322 916 4392 diis
936 4323 1084 4411 prolecta
1104 4323 1294 4406 credidisse,
1314 4343 1389 4388 cun
1406 4317 1446 4375 a...

256 4421 265 4438 ⁵
301 4417 311 4436 ‘
347 4443 468 4507 mem,
489 4445 570 4513 quae
587 4437 789 4497 ,someltam
810 4435 1108 4512 commonstrasset,
1137 4423 1273 4492 eandem
1294 4423 1444 4510 legitera-
