3167 5192
328 470 373 543 os

328 660 403 708 rum
420 656 554 726 sonsum
574 643 763 723 exponeret.
808 634 904 716 Quod
928 632 984 703 ille
1011 634 1059 701 ita
1076 633 1229 723 perfecit,
1254 642 1291 715 ut
1313 634 1357 715 de
1377 633 1453 704 bel-

329 740 402 815 licis
419 738 518 806 rebus
538 737 691 806 bellicum
712 736 948 825 quodammodo
974 747 1091 805 canere
1111 736 1283 823 diceretur.
1324 735 1452 825 Neque

325 842 437 914 ,sotum
457 840 594 938 consilia
611 841 731 923 ducum
751 840 938 929 explicavit,
960 840 1021 910 sod
1037 840 1183 909 civilium
1205 862 1334 929 quoque
1356 861 1451 907 com-

329 947 543 1015 mutationum
569 965 701 1012 cameos
728 952 762 1009 et
786 943 1065 1011 incommodorum
1091 942 1236 1010 remedio
1256 943 1464 1031 prudentis:

330 1052 412 1118 sime
430 1047 567 1135 aperuit.
605 1044 775 1130 Quocum,
797 1049 854 1135 qui
874 1056 988 1135 postea
1009 1047 1045 1111 in
1066 1046 1228 1116 consimili
1247 1055 1451 1133 argumento

264 1191 270 1199 ·
330 1152 554 1232 elaborarunt,
574 1158 612 1213 ut
630 1146 800 1235 Polybius,
821 1147 1004 1233 Sallustius,
1026 1149 1170 1233 Tacitus,
1192 1158 1225 1215 ct
1242 1150 1450 1222 recentiores

236 1320 243 1343 Ι
331 1257 446 1337 etism,
475 1251 606 1319 abhoc
630 1251 837 1337 potissimum
866 1252 974 1319 edocti
1001 1254 1206 1327 exstiterunt.
1251 1250 1342 1333 Quas
1361 1273 1449 1317 vero

275 1342 279 1355 ¹
330 1357 388 1425 ille
411 1358 575 1423 orationes
602 1351 700 1419 rebus
727 1353 936 1441 interposuit,
968 1376 1026 1423 eae
1045 1354 1228 1431 redundent
1249 1362 1282 1422 et
1302 1352 1451 1427 affluunt

331 1461 485 1546 egregiae
511 1456 691 1543 sapientiae
711 1456 824 1542 copid3
856 1479 1016 1545 nemoque
1038 1455 1094 1524 illo
1122 1455 1287 1525 efficacius
1312 1478 1449 1524 omnem

331 1562 537 1650 eloquentiae
559 1559 629 1623 vim
653 1557 697 1626 sd
718 1557 805 1643 juris
825 1558 984 1635 naturalis
1004 1568 1138 1635 osterna
1156 1567 1332 1646 sanctaque
1350 1578 1449 1645 prae-

330 1673 427 1752 cepto
452 1659 646 1737 stabilienda
668 1658 828 1725 adhibuit.
873 1662 981 1749 Atque
1003 1663 1051 1727 ita
1070 1658 1281 1737 Atheniensis
1301 1660 1448 1747 hominis

331 1767 464 1861 ingenio
491 1762 628 1829 historio
650 1760 740 1826 facto
760 1770 811 1829 est
832 1764 1053 1851 experientiae
1073 1765 1198 1839 vicaria
1218 1764 1448 1837 humanitatis-

332 1892 396 1957 que
424 1865 691 1935 commendatrix.
741 1866 851 1953 Hujus
882 1874 991 1934 autem
1023 1868 1105 1933 civis
1130 1866 1330 1955 Xenophon,
1366 1866 1449 1931 licet

331 1995 398 2041 non
415 1992 519 2057 aeque
537 1968 671 2054 grundis
689 1991 751 2035 nec
772 1972 898 2035 ratione
919 1993 980 2039 nec
1002 1970 1162 2055 oratione,
1186 1956 1297 2037 tamen
1309 1978 1352 2038 et
1371 1970 1448 2055 ipse

331 2097 440 2143 rerum
465 2072 675 2159 scriptionem
701 2072 746 2140 od
770 2094 898 2140 omnem
920 2073 1155 2149 humanitatem
1174 2071 1446 2148 accommodavit.

332 2179 506 2261 Quicum,
528 2174 695 2264 profectus
717 2198 738 2239 a
755 2175 963 2265 philosophia
983 2175 1160 2259 Socratici,
1180 2197 1333 2262 magnam
1353 2176 1445 2250 vitoe

330 2288 459 2367 partem
480 2279 645 2363 exegisset
660 2278 696 2342 in
710 2280 842 2345 castris:
863 2290 896 2347 et
910 2272 1063 2346 bellicam
1078 2277 1285 2375 disciplinam
1300 2287 1333 2353 et
1347 2298 1445 2348 omne

331 2382 477 2455 officium
508 2381 639 2466 imperii
666 2381 820 2467 vitaeque
849 2382 1010 2448 actionem
1038 2400 1166 2457 omnem
1195 2378 1284 2452 illius
1305 2380 1445 2453 rationis

330 2481 616 2572 praeceptionibus
637 2482 823 2549 moderatus
840 2491 890 2550 est
904 2491 936 2549 et
949 2484 1153 2571 temperavit,
1180 2482 1320 2559 Leniore
1334 2491 1445 2557 auten

333 2608 413 2656 sono
435 2583 591 2654 orationis
612 2606 710 2671 quum
725 2584 935 2673 Thucydides
957 2594 989 2651 et
1005 2594 1119 2673 postea
1134 2582 1350 2663 Callisthenes
1363 2604 1445 2657 uotis

291 2734 295 2746 ·
330 2698 398 2757 ‚tum
417 2685 522 2753 dulcis
540 2684 620 2769 fnit,
645 2694 682 2751 ut
700 2688 773 2773 ejus
791 2709 873 2753 voce
895 2687 1007 2756 Musas
1027 2688 1123 2776 qnasi
1142 2686 1266 2765 locutas
1285 2684 1443 2763 dicerent.

332 2790 471 2858 Plurimi
491 2808 620 2877 quoque
639 2786 781 2873 fuerrmt,
800 2790 856 2877 qui
878 2788 1039 2858 subtiliter
1059 2798 1093 2855 et
1113 2790 1243 2877 copiose
1260 2789 1444 2867 Autumno

273 2902 277 2911 '
331 2893 476 2979 origines
495 2887 752 2979 perscriberent,
778 2913 897 2979 resque
915 2893 1038 2979 patrias
1058 2915 1169 2959 omnes
1188 2912 1254 2960 unc
1276 2890 1444 2959 volumine

248 2995 251 2998 ’
332 2992 633 3080 complecterentur.
683 2992 811 3059 Horum
844 2992 1075 3061 celeberrimus
1102 2992 1316 3071 Philochorus
1342 2992 1443 3071 Athe

329 3096 468 3178 niensis,
489 3094 547 3181 qni
562 3094 729 3161 doctrinae
743 3094 934 3180 ubertatem,
952 3104 1142 3184 perceptam
1158 3096 1200 3164 ab
1213 3094 1441 3177 Eratosthene,

331 3197 375 3263 od
392 3189 563 3263 historiam
582 3196 742 3263 adhibuit.
786 3198 914 3265 Eidem
935 3199 1101 3266 doctrinae
1122 3198 1219 3265 laude
1239 3195 1442 3273 commenda-

331 3297 409 3366 bilis
428 3299 554 3366 exstitit
570 3299 790 3386 Apollodorus
815 3309 847 3365 et
875 3301 946 3388 ipse
966 3302 1121 3379 oriundus
1142 3300 1299 3385 Athenis,
1332 3299 1389 3386 qui
1411 3306 1442 3375 ei

331 3401 398 3467 olio
422 3400 585 3487 permulta
610 3403 732 3489 scripta
758 3402 877 3486 edidit,
907 3412 939 3467 et
966 3402 1134 3483 historiam
1162 3426 1236 3479 curn
1260 3400 1441 3477 sabulonem

331 3514 401 3571 tum
421 3512 564 3572 ceterum
585 3505 750 3591 explicuit,
770 3514 813 3589 et,
830 3504 939 3593 quoad
960 3506 1033 3591 ejus
1052 3506 1124 3571 fieri
1144 3514 1281 3594 poterat,
1303 3503 1347 3569 ad
1362 3512 1441 3572 tom·

331 3628 447 3694 porum
465 3609 625 3676 rationem
646 3609 826 3676 revocavit.
859 3607 947 3673 Huic
968 3608 1101 3697 quidem
1116 3610 1165 3675 rei
1178 3610 1251 3695 jam
1265 3616 1341 3675 onte
1355 3606 1440 3674 Thu·

332 3709 484 3798 cydidem
498 3710 736 3798 quodammodo
750 3710 961 3806 consuluerat
968 3710 1089 3797 Meton,
1105 3698 1317 3780 Atheniensis
1340 3718 1441 3777 astro-

333 3814 443 3899 logus,
473 3812 533 3879 ills
565 3817 626 3881 sud.
661 3814 984 3891 Enneadeoaeteride
1016 3816 1087 3884 sive
1120 3814 1199 3887 orbe
1234 3812 1441 3897 undeviginti
1492 3878 1494 3885 ,

332 3939 500 4001 annorum,
523 3939 587 4003 quo
608 3916 664 3983 ille
684 3918 764 3984 solis
780 3916 945 4005 lunaeque
965 3928 1089 3985 motum
1110 3918 1293 3985 conciliare
1306 3914 1439 3984 studuit.

332 4020 448 4108 Itaque
460 4025 504 4085 ·'et
516 4019 587 4094 ,hoc
604 4018 780 4098 utilissime
801 4020 918 4104 Attici,
947 4021 1036 4108 quod
1057 4022 1201 4101 sidorum
1223 4019 1439 4107 coguitionem

332 4124 376 4203 od
397 4145 468 4190 rem
483 4121 613 4190 civilem
633 4121 824 4192 retulerrmt.
857 4123 948 4191 Artis
969 4133 1078 4194 autem
1095 4124 1242 4200 medicae
1263 4124 1320 4210 qui
1339 4120 1439 4190 honor

331 4228 421 4316 opud
443 4224 575 4293 eosdem
591 4224 700 4307 fuerit,
723 4235 755 4291 et
775 4225 843 4291 olio
863 4233 1005 4311 arguunt
1024 4235 1057 4293 et
1076 4226 1159 4295 illud
1171 4225 1333 4315 inprimis,
1355 4222 1440 4311 quod

211 4339 213 4345 ’
333 4330 654 4398 Hrrrocnnrnrr
685 4327 887 4395 medicorum
906 4328 1088 4416 principem
1114 4330 1248 4397 civitate
1280 4326 1439 4398 donarunt

273 4498 277 4503 .
332 4430 529 4519 publioeque
549 4429 760 4497 initiaverunt
779 4428 971 4517 Eleusiniis.
