3167 5192
1176 574 1178 578 ⁸
1214 495 1277 558 mr

90 690 92 700 ¹
165 667 200 753 3)
223 679 378 758 ,amasa
392 677 576 747 rumora,
597 676 723 740 oureus
737 666 943 752 scloamir
958 675 1180 731 noarrrarsr
1195 679 1278 728 rsa

220 783 283 832 arr
316 783 431 832 trima
465 780 700 830 erumnarum
728 771 911 831 nonna-mn
943 773 1222 845 mnameansts.

90 893 91 908 ³
163 885 336 936 sacrum·
366 883 578 951 ulamma,
624 883 718 933 vlam
764 879 984 953 MAGNIFIOES,
1044 885 1277 954 Anrmssms,

219 985 444 1042 nocrlssnsss
472 985 740 1036 uurvnuslrrrls
766 978 1009 1037 namurensis
1036 987 1226 1037 reornsso·

316 1087 381 1140 aas
403 1087 671 1138 uurvuaslrnrm
692 1089 962 1155 annumeratus
984 1090 1013 1140 s.
1036 1091 1068 1137 r.
1087 1089 1124 1137 n.

251 1177 357 1244 Sicuti
373 1195 585 1264 quaecunque
599 1175 721 1264 abique
737 1177 841 1242 literis
855 1177 964 1242 fausta
977 1177 1142 1259 eveniunt,
1154 1178 1297 1240 summa'

163 1302 294 1368 semper
321 1279 491 1365 voluptate
513 1299 573 1345 nos
602 1279 766 1362 afficiunt,
793 1280 841 1343 ita
865 1280 900 1342 in
925 1280 999 1345 sinu
1027 1277 1134 1365 gavisi
1158 1299 1280 1363 sumus,

89 1469 90 1482 χ
162 1405 237 1450 cum
266 1382 425 1470 primum,
458 1382 590 1446 easdem
616 1381 739 1468 insigni
766 1379 977 1469 Imperatoris
1005 1378 1188 1447 Alexandri
1216 1379 1279 1445 ols-

163 1485 289 1552 mentia
320 1491 433 1548 auctas
465 1483 540 1546 istic
572 1481 689 1548 laetius
721 1483 927 1550 efflorescere
965 1506 1008 1550 ex
1043 1485 1124 1548 actis
1154 1483 1280 1548 diurnis

164 1587 449 1675 cognosceremus.
493 1583 555 1648 Est
582 1585 668 1650 enim
688 1583 769 1652 haec
796 1587 915 1653 artium
935 1585 1123 1653 liberalium
1142 1585 1280 1670 indoles,

162 1702 200 1758 ut
227 1693 377 1778 ipsarum
407 1693 554 1750 amantes
584 1685 824 1754 liberalissimis
852 1689 903 1754 sui
930 1688 1135 1778 propagandi
1164 1687 1281 1754 studiis

89 1833 91 1846 =
163 1794 330 1874 imbuant,
364 1788 452 1876 quod
479 1789 587 1876 ipsum
616 1787 702 1854 hanc
728 1789 797 1854 vim
824 1787 946 1856 habere
972 1792 1092 1876 nostis,
1125 1798 1162 1855 ut
1188 1793 1217 1856 si
1235 1790 1282 1856 ita

89 1895 90 1898 ’
163 1895 236 1960 fieri
249 1891 356 1980 possit
370 1890 545 1956 earundem
556 1911 651 1956 usum
665 1911 739 1956 cum
752 1893 907 1960 universo
925 1902 1086 1959 terrarum
1100 1892 1179 1958 orbe
1196 1913 1281 1958 oom-
1396 1966 1399 1970 A

163 1997 367 2064 manicatum
399 1992 549 2058 velimus.
600 1991 711 2073 Quare
743 1994 965 2079 praedicanda
998 1993 1103 2060 nobis'
1124 1995 1200 2059 visa
1231 2003 1283 2059 est

164 2096 351 2169 Alexandri
368 2095 396 2160 Ι.
419 2097 554 2182 egregia
570 2094 764 2180 liberalitas,
787 2096 853 2183 qui,
876 2117 957 2184 quas
978 2097 1060 2161 haec
1082 2105 1172 2162 aetas
1193 2095 1281 2162 bello
1368 2174 1374 2198 ι

164 2199 392 2268 funestissimo
425 2197 547 2263 afflixit
577 2200 737 2285 ingenuas
769 2205 858 2263 artes
890 2198 1080 2264 excitandas
1113 2196 1177 2262 sibi
1209 2219 1282 2261 esse

88 2305 89 2356 l
165 2301 399 2371 honestissime
418 2299 604 2366 crediderit.
632 2299 780 2387 Dignum
800 2322 880 2367 vero
895 2300 986 2367 Petri
999 2301 1027 2366 Ι.
1049 2300 1139 2366 illius
1158 2301 1282 2365 virtute

87 2443 90 2596 l

165 2407 311 2486 facinus,
340 2401 400 2488 qui
417 2401 497 2466 istas
525 2411 632 2468 terras
652 2405 776 2490 primus
807 2423 827 2466 a
851 2403 1004 2469 barbarie
1023 2403 1220 2486 vindicavit,
1250 2406 1283 2467 et

164 2511 339 2596 Augustae
360 2505 470 2588 aviae,
498 2525 581 2590 qnae
605 2504 703 2592 hujus
726 2507 876 2594 exemplo
898 2515 1059 2576 commota
1078 2523 1203 2572 summo
1225 2504 1282 2570 ho·

164 2631 244 2678 noro
274 2607 492 2694 maximisque
512 2609 666 2694 praemiis
686 2608 798 2674 literas
822 2607 903 2676 aluit
925 2613 1091 2700 auxitque.
1137 2607 1283 2690 Quarum

87 2763 88 2772 ,
165 2735 241 2782 cnm
258 2712 331 2799 jam
354 2709 506 2794 egregius
525 2709 634 2796 Ipsius
656 2712 767 2800 Nepos
786 2715 1005 2800 patrocinium
1025 2714 1201 2801 suscipiat,
1232 2733 1281 2778 re·

87 2843 88 2846 ¹
164 2817 313 2884 tribuent
339 2833 398 2877 cae
425 2833 499 2876 eum
519 2811 677 2898 fructum,
705 2815 761 2902 qui
784 2824 835 2880 est
854 2814 1004 2881 omnibus
1024 2815 1172 2902 imperiis
1193 2823 1282 2879 ente.
1375 2846 1379 2853 <
1491 2785 1498 2855 ἰ

164 2916 349 3008 ponendus,
372 2915 656 2981 commendaturae
676 2917 784 3004 ipsum
805 2924 979 3004 patronum
1001 2939 1095 2983 suurn
1115 2917 1281 3004 sempiter-

164 3043 228 3086 nae
259 3025 373 3105 gratae
403 3017 602 3104 posteritatis
626 3021 814 3084 memoriae.
864 3019 958 3084 Haec
981 3017 1076 3084 nobis
1099 3020 1282 3106 cogitantes

164 3124 301 3192 vocavit
330 3141 391 3187 nos
424 3119 459 3183 in
489 3121 646 3208 majorem
677 3141 806 3209 quoque
827 3120 972 3186 laetitiae
999 3121 1136 3186 Vestrae
1156 3130 1282 3209 partem

165 3230 239 3316 ipsa
260 3222 408 3314 epistola,
429 3223 534 3311 nuper
554 3224 684 3290 reddita
704 3221 815 3307 nobis,
836 3222 935 3310 plena
954 3221 1180 3308 humanitatis,
1199 3224 1283 3314 quae
1401 3272 1407 3279 .

87 3337 89 3412 ἶ
166 3326 392 3397 ostendendae
418 3324 660 3393 benivolentiae
689 3334 820 3392 nostrae
845 3326 1050 3390 occasionem
1079 3325 1183 3392 dedit.
1231 3327 1284 3394 Ac
1385 3378 1389 3386 .

165 3433 206 3498 de
232 3431 299 3496 isto
327 3428 459 3517 quidem
486 3427 597 3494 officio
624 3427 727 3495 Vobis
755 3448 857 3512 nune,
890 3437 927 3494 ut
954 3429 1126 3515 debemus,
1157 3433 1281 3518 gratias

167 3535 313 3621 agimm:
336 3531 378 3596 de
397 3532 469 3618 ipsa
489 3553 568 3597 vcro
586 3554 632 3616 re,
656 3553 752 3620 quam
776 3529 978 3618 significatis,
1000 3533 1048 3597 ita
1068 3534 1280 3622 gratulamur,
1378 3553 1386 3572 ¹

165 3647 203 3704 ut
221 3635 264 3702 ab
280 3633 465 3700 hominibus
487 3635 692 3701 amicissimis
710 3635 782 3700 fieri
803 3635 946 3699 maxime
967 3634 1059 3702 solet.
1086 3664 1088 3671 ·

254 3737 428 3803 Praeclare
451 3757 529 3802 sane
549 3737 727 3804 Vobiscum
747 3739 856 3824 agitur
877 3735 965 3824 quod
987 3757 1061 3803 eum
1083 3741 1282 3808 Academiae

168 3851 335 3909 auctorem
356 3837 445 3905 nacti
464 3843 551 3925 estis,
570 3843 664 3930 cujus
686 3843 790 3907 virtus
813 3841 906 3928 quasi
928 3837 963 3904 in
985 3842 1118 3928 specula
1140 3844 1280 3931 quadam

167 3944 301 4012 excelsa
322 3952 418 4032 atque
439 3942 560 4009 illustri
578 3946 686 4032 posita
707 3945 758 4030 sit,
776 3942 865 4008 unde
886 3963 980 4031 opem
998 3953 1162 4010 ostentare
1176 3945 1282 4013 doctis

168 4045 319 4114 omnibns
340 4047 501 4113 videatur.
524 4047 620 4130 Quod
644 4047 776 4134 quidem
789 4047 957 4112 institutae
970 4047 1168 4113 Academiae
1183 4046 1281 4112 bene·

167 4152 280 4218 ficium
305 4149 424 4239 quibus
450 4149 566 4214 animis
593 4150 785 4237 excipiatis,
811 4157 971 4214 testantur
998 4147 1112 4216 literae
1133 4149 1279 4234 Vestrae,

165 4253 438 4341 testabunturque
463 4254 661 4318 monimenta
682 4253 823 4339 ingenii,
853 4253 972 4343 quibus
993 4262 1061 4318 tum
1079 4251 1149 4339 Ipsi
1169 4253 1280 4318 condi·

167 4358 247 4440 tori,
276 4365 346 4422 tum
364 4357 480 4422 ceteris
502 4355 654 4422 omnibus
676 4364 819 4422 mentem
836 4356 989 4423 Vestram
1011 4355 1187 4420 indicatam
1207 4377 1279 4444 per·

168 4461 378 4548 spicuamqus
404 4479 475 4524 esse
501 4457 649 4548 cupietis.
701 4455 818 4547 Neque·
841 4457 904 4524 Ille
932 4459 967 4522 in
994 4464 1159 4546 posterum
1187 4458 1281 4550 quid·
