3167 5192
275 471 346 561 ¹so

173 631 178 639 ’
305 642 397 709 illam
418 638 647 707 Themistoclis
673 638 860 722 victoriam,
882 658 947 727 qua
966 636 1130 704 universa
1143 636 1330 703 humanitas
1352 638 1440 703 vin·

308 744 416 811 dicata
440 765 461 807 a
481 740 697 845 barbarorum
721 740 846 827 impetu
870 749 929 805 est.
972 738 1074 806 Nullo
1094 748 1205 806 tamen
1222 758 1259 805 re
1281 740 1441 826 diligen·

307 849 373 913 tius
396 843 629 932 efficaciusque
658 844 689 907 ei
707 842 885 927 consuluit,
917 864 1014 931 quam
1047 844 1094 908 eis
1123 842 1268 929 legibus,
1302 842 1442 929 quibus

306 970 495 1038 puerorum,
516 968 628 1013 eorum
641 947 799 1029 maxime,
822 966 958 1033 quorum
971 955 1124 1034 parentes
1140 944 1250 1033 aliquo
1269 944 1343 1011 loco
1369 968 1443 1009 nu·

306 1061 462 1139 meroque
485 1056 603 1132 essent,
626 1047 852 1113 educationem
865 1048 1029 1113 moderari
1050 1057 1149 1137 atque
1162 1046 1368 1139 ,detentere
1383 1048 1442 1111 in-

307 1154 422 1220 stituit.
465 1150 551 1216 Nam
572 1152 656 1215 sicut
676 1152 908 1237 pauperiorum
930 1150 1015 1217 filios
1034 1148 1214 1217 sellulariis
1236 1160 1325 1216 certe
1348 1152 1442 1215 arti-

306 1255 369 1321 bus
389 1254 496 1320 voluit
516 1253 656 1318 erudiri:
677 1254 725 1316 ita
743 1251 830 1318 filios
848 1253 1002 1319 ditiorum
1023 1255 1065 1318 iis
1087 1252 1212 1318 artibus
1228 1250 1440 1318 imbuendos

309 1360 452 1441 censuit,
477 1378 560 1445 quae
577 1356 738 1441 ingenuos
762 1357 904 1421 maxime
926 1356 1073 1421 homines
1096 1355 1259 1421 decerent.
1306 1353 1465 1421 Simul--

309 1463 407 1548 atque
419 1460 522 1545 igitur
538 1478 621 1544 puer
639 1458 812 1546 septimum
834 1460 950 1523 aetatis
965 1480 1086 1523 annum
1108 1456 1237 1544 agebat,
1260 1464 1293 1522 et
1314 1453 1438 1543 egres-

309 1581 365 1627 sus
393 1582 411 1625 e
435 1580 603 1647 gynaeceo
630 1559 744 1622 matris
771 1561 972 1649 nutricisque
1005 1562 1085 1626 curt
1111 1580 1223 1625 carere
1248 1558 1440 1625 videbatur

275 1671 280 1681 '
309 1679 424 1749 posse,
447 1660 638 1725 tradebatur
658 1659 716 1725 ille
738 1660 866 1726 duobus
884 1663 1067 1748 magistris,
1090 1682 1228 1751 quorum
1246 1659 1331 1725 alter
1354 1680 1439 1725 eum

309 1763 470 1850 pugilatu,
489 1762 588 1846 luctu,
604 1762 806 1851 reliquisque
826 1764 950 1830 artibus
964 1766 1128 1853 gymnicis
1149 1761 1334 1845 exercebat,
1359 1761 1439 1849 qui-

282 1864 373 1948 ,bus
394 1866 527 1931 venatio
553 1864 623 1929 fer'e
645 1866 866 1954 equitatioque
889 1866 1002 1932 addita
1028 1875 1094 1951 est;
1123 1864 1208 1949 alter
1227 1864 1371 1930 eundem
1395 1862 1438 1927 li-

311 1976 456 2034 terarum
476 1967 579 2032 initiis
604 1967 791 2053 erudiebat,
815 1970 991 2057 praecipue
1012 1966 1199 2034 lectitandis
1227 1964 1439 2032 carminibus

310 2067 530 2157 insigniorum
556 2074 738 2155 petitarum.
781 2070 854 2136 Nec
873 2074 981 2136 minus
1006 2072 1212 2137 arithmetica
1231 2069 1437 2155 geometria-

311 2181 376 2260 que
389 2171 602 2238 imbuendum
619 2181 790 2258 curarunt3
814 2173 934 2262 quibus
948 2171 1093 2261 Philippi
1108 2171 1299 2237 Macedonis
1320 2179 1439 2236 aetate

311 2274 440 2362 pictura
465 2293 594 2362 quoque
621 2275 761 2338 accessit
782 2296 857 2339 cum
882 2274 1015 2339 linearis
1042 2284 1112 2341 tum
1132 2272 1268 2362 reliqua.
1314 2272 1437 2339 Citha-

312 2374 572 2467 rlzareciusuper
594 2382 627 2438 et
645 2382 776 2439 cantme
792 2375 835 2440 ad
854 2376 1050 2443 chordarum
1069 2398 1166 2443 sonos
1188 2376 1320 2442 assidue
1340 2376 1438 2441 docti
1480 2458 1486 2472 υ

313 2482 391 2539 sunt
418 2476 554 2560 ingenui
584 2476 695 2563 pueri3
722 2484 759 2540 ut
779 2476 874 2564 quasi
896 2476 1091 2569 Aganippes
1112 2502 1186 2548 rore
1209 2484 1335 2545 mature
1356 2478 1437 2544 irri-

313 2584 392 2663 gata
410 2585 525 2641 tenera
541 2584 676 2663 pectora
690 2577 773 2641 nihil
793 2580 882 2644 intus
902 2584 1119 2670 susciperent,
1139 2582 1204 2646 nisi
1217 2581 1436 2655 honestarum
1469 2600 1477 2605 ·

313 2696 423 2745 rerum
450 2678 692 2765 cogitationem.
743 2679 807 2745 (tui
828 2682 878 2747 rei
903 2693 1074 2771 praeterea
1096 2682 1279 2750 consultum
1301 2705 1339 2749 eo
1369 2694 1436 2769 est,

281 2838 288 2877 ἰ
315 2781 403 2869 quod
426 2780 541 2847 diebus
561 2779 657 2844 festis
678 2788 922 2873 nonnumquam
949 2784 1080 2875 publice
1097 2788 1318 2875 privatimque
1335 2806 1436 2874 prae-

298 2885 382 2949 -lnia
407 2884 687 2973 proponebantur,
716 2886 883 2971 eroganda
908 2888 966 2973 iis,
995 2892 1051 2978 qui
1078 2890 1199 2980 optime
1221 2890 1435 2956 cecinissent.

315 2986 409 3085 Haec
432 2989 541 3055 omnia
564 2990 685 3077 partim
708 2988 809 3055 Solon
828 2986 1007 3079 prudenter
1028 2994 1185 3079 instituit,
1214 2994 1335 3079 partim
1357 3012 1435 3081 pro·

314 3091 406 3185 xima
427 3090 540 3159 Saloni
561 3101 652 3158 aetas
674 3092 800 3159 utiliter
822 3094 923 3161 auxit.
937 3102 969 3159 et
991 3098 1174 3161 exornavit.

281 3254 287 3268 ,
399 3193 510 3283 Atque
540 3216 615 3259 cum
647 3196 758 3259 statim
788 3218 810 3261 a
840 3198 983 3284 pueritid
1004 3194 1055 3261 his
1080 3196 1179 3263 rebus
1206 3218 1340 3286 operam
1359 3197 1436 3263 dari

316 3295 564 3380 vellentAttiel,
583 3317 697 3361 earum
715 3292 943 3383 cognitionem,
967 3298 1093 3365 adscito
1116 3322 1214 3389 saepe
1232 3307 1264 3364 et
1278 3298 1435 3387 eloquen-

315 3399 382 3464 tiae
411 3405 444 3463 et
470 3397 695 3487 philosophiae
724 3400 846 3485 studio,
875 3402 935 3465 sut
960 3400 1074 3489 lingua
1096 3404 1247 3481 παιδείας
1268 3397 1435 3469 vocabulo

318 3500 511 3586 affecerunt,
528 3523 572 3567 ex
588 3524 652 3589 quo
670 3502 706 3567 id
725 3504 834 3591 ipsum
849 3502 1103 3589 intelligeretur:
1122 3506 1262 3572 Romani
1283 3504 1435 3571 humani-

317 3604 396 3669 tatis
419 3602 528 3695 studia
551 3604 773 3692 appellarunt,
802 3604 957 3671 videlicet
977 3606 1176 3692 indicantes,
1198 3608 1365 3693 homines,
1386 3616 1436 3674 ta·

319 3704 406 3772 libus
425 3705 607 3794 disciplinis
628 3706 803 3795 expolitos,
826 3706 1018 3794 longissime
1038 3716 1179 3776 remotos
1208 3731 1228 3774 a
1249 3708 1435 3799 pecudibus

321 3816 353 3874 et
371 3816 537 3895 tamquam
550 3810 656 3897 magis
675 3810 823 3876 homines
847 3832 928 3876 esse.
961 3808 1066 3876 Multo
1087 3820 1200 3878 tamen
1210 3814 1311 3901 prius,
1334 3836 1436 3903 quam

321 3908 482 3995 Athenas,
500 3911 593 3978 velut
613 3914 834 3979 incommune
856 3914 1000 3979 omnium
1021 3914 1168 4001 gentium
1189 3912 1435 4000 παιδευτῆριον

323 4022 355 4078 et
376 4027 524 4081 museum
546 4015 721 4100 Graeciae,
752 4036 829 4081 suos
847 4014 932 4082 filios
957 4014 1106 4084 doctrina
1128 4016 1340 4106 expoliandos
1360 4018 1435 4083 mit-

91 4210 95 4222 ·
194 4195 198 4201 .
321 4125 428 4187 terent
445 4121 602 4205 Romani,
621 4120 761 4185 vsalutari
782 4140 850 4187 non
869 4120 976 4185 minus
991 4120 1128 4187 consilio
1151 4128 1295 4188 oratores
1319 4142 1357 4185 eo
1376 4122 1435 4188 mi·

322 4220 450 4309 serunt,
472 4223 528 4312 qui
549 4222 620 4311 ejus
643 4224 785 4289 civitatis
806 4224 896 4310 leges
917 4232 1130 4289 arcesserent.
1174 4224 1290 4312 Itaque
1309 4222 1435 4289 factum

117 4349 119 4358 ·
179 4413 182 4420 ἢ
217 4365 223 4406 5
275 4359 285 4370 x
324 4336 388 4412 est,
405 4336 457 4412 ut,
476 4335 687 4415 posteaquam
708 4324 813 4393 Roma
832 4328 978 4413 gentium
1005 4327 1137 4393 domina
1159 4328 1278 4410 evasit,
1309 4326 1433 4393 Attico·

329 4448 403 4493 rum
420 4428 606 4519 respublica
625 4427 815 4495 universum
836 4428 947 4497 orbem
964 4438 1125 4495 temanum
1138 4426 1279 4519 legibus
1299 4430 1368 4495 suis
1389 4433 1434 4495 te·
