3167 5192
304 431 366 494 242

385 609 438 692 16)
479 601 868 690 FRIDERICO
914 603 1365 708 TIEDEMANN3
1499 626 1500 663 r

637 763 647 774 ,
694 725 798 791 vmo
818 724 1022 788 mausum

652 837 842 893 proclamo
862 839 1070 890 DISCIPULUS

562 926 883 1012 rurnuarous
905 926 1150 991 cuuuznu.

386 1059 460 1142 Quo
479 1061 532 1126 die
551 1061 628 1126 Tibi
647 1071 763 1126 exacta
786 1061 929 1128 feliciter
943 1062 1098 1128 Doctoris
1119 1062 1279 1130 honorum
1301 1063 1422 1130 decem
1499 1120 1500 1143 ,

299 1165 412 1244 lustra
428 1165 579 1230 certatim
606 1164 877 1250 congratulantur
896 1163 1059 1250 collegae,
1089 1167 1197 1249 cives,
1226 1168 1347 1244 exteri,
1377 1191 1421 1234 eo

300 1265 354 1332 die
381 1266 462 1330 mihi
490 1265 587 1332 liceat
615 1265 776 1352 singulari
797 1266 845 1332 Te
867 1266 1009 1335 formula
1029 1265 1210 1352 appellare,
1236 1289 1335 1354 quam
1356 1268 1421 1332 alii

300 1368 521 1434 mirabuntur:
544 1389 604 1433 nos
624 1390 691 1433 non
709 1369 800 1433 item.
842 1367 917 1454 Ego
935 1370 1022 1433 enim
1039 1367 1180 1433 libenter
1197 1369 1286 1433 soleo
1302 1369 1421 1433 redire

298 1470 334 1534 in
356 1469 546 1534 memoriam
571 1471 643 1556 ejus
664 1472 836 1558 temporis,
862 1493 928 1559 quo
947 1469 1120 1555 limburgi
1142 1467 1335 1534 Chattorum
1356 1491 1418 1556 pa-

210 1639 216 1648 ,
298 1580 425 1638 rentem
445 1570 568 1654 Tuum,
601 1574 708 1636 virum
729 1573 961 1656 immortalem,
989 1570 1172 1636 luculenter
1193 1561 1417 1659 explicantem

297 1673 473 1742 audiebam
496 1697 571 1742 cum
596 1674 702 1740 divini
723 1674 872 1739 Platonis
901 1673 1051 1758 dialogos
1070 1682 1141 1738 tum
1159 1677 1281 1738 veteris
1300 1696 1416 1738 recen-

297 1777 455 1864 tiorisque
471 1775 702 1864 Philosophiae
722 1776 832 1842 varias
854 1775 1032 1842 doctrinas.
1075 1776 1190 1866 Neque
1209 1796 1289 1840 vero
1303 1777 1415 1840 minus
1499 1824 1500 1833 ,

296 1879 385 1947 idam
412 1901 474 1965 ego
501 1899 545 1944 ex
569 1879 677 1944 animo
706 1877 906 1965 gaudebam,
938 1899 1013 1942 cum
1038 1877 1153 1942 eadem
1175 1879 1210 1941 in
1229 1878 1416 1944 Academia

296 1979 385 2051 baad
403 1982 450 2048 ita
467 1981 570 2048 multo
592 1988 667 2067 post
685 1979 733 2044 Te
753 1982 835 2046 meis
851 1982 887 2044 in
902 1979 1068 2045 subselliis
1084 1979 1238 2045 adsidere
1251 1980 1413 2064 viderem,

211 2103 216 2108 ·
296 2085 435 2172 impigre
462 2084 573 2152 stilum
605 2090 735 2148 vertere
759 2081 952 2172 Latinisque
979 2082 1085 2146 literis
1115 2083 1245 2148 naviter
1278 2105 1415 2170 operam

295 2208 429 2270 navare.

380 2289 499 2358 Paucis
521 2309 602 2356 vero
620 2286 715 2352 annis
736 2295 822 2374 post,
845 2308 919 2352 cum
938 2308 999 2372 ego
1020 2288 1108 2374 patri
1127 2286 1215 2373 Tuo,
1237 2283 1428 2358 immatura

258 2455 266 2474 ,
296 2401 400 2462 morte
426 2392 521 2460 uobis
551 2398 678 2478 erepto,
710 2389 842 2476 publice
861 2398 1036 2478 parentare
1054 2390 1169 2475 jussus
1192 2391 1263 2478 ejus
1280 2392 1414 2462 Memo-

294 2497 378 2582 riam
399 2495 587 2578 scriberem,
609 2493 746 2578 contigit
766 2491 847 2558 mihi
868 2492 967 2578 illud,
988 2501 1025 2556 ut
1045 2493 1081 2557 in
1094 2482 1304 2560 ¹recensenda
1325 2497 1412 2584 ejus-

296 2600 370 2669 dem
392 2598 507 2666 subole
528 2605 602 2684 post
622 2594 793 2660 honestam
811 2596 1009 2660 mentionem
1028 2597 1142 2661 matris
1160 2595 1218 2681 Te,
1240 2608 1321 2666 natu
1342 2624 1412 2665 ma-

293 2704 438 2786 simum,
468 2701 520 2768 his
551 2697 662 2764 verbis
695 2699 830 2764 laudare
858 2721 990 2786 possem
1010 2738 1048 2747 -
1075 2699 1154 2785 „Ex
1184 2723 1224 2768 ea
1246 2702 1322 2768 tulit
1347 2727 1412 2771 sex

294 2805 431 2872 liberos:
462 2809 663 2882 Fridericuna
685 2809 798 2866 natum
814 2801 845 2866 d.
867 2803 920 2866 23.
940 2824 984 2867 m.
1004 2803 1147 2888 Augusti
1165 2808 1329 2892 a..l781.,
1352 2810 1411 2896 qui

198 2931 205 2948 ’
293 2931 366 2976 cum
387 2905 483 2974 laude
504 2905 649 2972 medicae
670 2905 750 2971 artis
769 2904 912 2972 studium
931 2913 1074 2970 sectatus
1096 2906 1234 2974 eandem
1255 2906 1410 2974 factitare

292 3011 447 3097 eogiutf‘

324 3175 327 3182 .
378 3113 470 3196 Quae
498 3134 572 3178 cum
597 3111 789 3194 scriberem,
821 3115 898 3174 borea
924 3108 1056 3198 quidem
1082 3111 1192 3174 omnia
1220 3113 1409 3198 augurabar

294 3215 386 3296 Tibi:
414 3237 528 3309 suaanpu
551 3216 599 3282 Te
622 3217 732 3280 omnia
753 3223 979 3279 assecuturum
997 3219 1105 3278 mente
1126 3217 1318 3308 praecipere
1339 3241 1408 3282 nou

291 3327 449 3404 poteram.

378 3420 451 3501 Quo
479 3423 601 3507 magis,
632 3430 803 3509 postquam
830 3421 1000 3508 praeclara
1027 3421 1137 3484 omnia
1162 3421 1197 3484 in
1218 3421 1266 3484 Te
1288 3421 1408 3486 effecta
1450 3407 1454 3411 ἢ

292 3527 558 3618 commonstravit
577 3534 724 3609 eventus,
745 3523 907 3610 hodieque
927 3520 1039 3607 laetor,
1058 3531 1091 3588 et
1113 3525 1183 3588 seni
1202 3523 1279 3587 Tibi
1302 3547 1416 3602 senen
1449 3560 1457 3574 ·

290 3627 548 3719 gratulabundus
571 3615 730 3694 adclamd.
775 3625 998 3712 Heidelberga
1018 3626 1271 3692 Francofurtum
1289 3627 1332 3691 ad
1346 3627 1407 3712 M,

291 3730 344 3796 die
370 3734 420 3794 10.
451 3754 494 3796 m.
513 3732 624 3796 Martii
655 3754 684 3796 a.
710 3733 803 3795 1854.
836 3729 917 3816 ipsis
944 3728 1109 3794 natalibus
1137 3731 1234 3814 meis3
1263 3730 1404 3816 quodie

291 3842 441 3920 quartum
469 3857 590 3898 anuum
616 3833 783 3918 ingredior
812 3841 844 3896 et
872 3831 1122 3919 pctogesimum,
1153 3833 1247 3918 cujus
1276 3834 1405 3898 numeri

292 3936 456 4002 cumulum
469 3935 545 4006 Tibi
556 3945 592 4002 ut
602 3935 694 4002 Deus
709 3936 749 4000 Ο.
759 3937 805 4002 Μ.
818 3936 986 4002 fortunare
1004 3933 1085 3998 velit
1100 3957 1142 4001 ex
1158 3937 1266 4002 animo
1275 3955 1401 4024 precor.

710 4247 993 4254 ——...-——.---
