3167 5192
1213 517 1347 580 205».

145 683 297 750 dentur.
331 681 431 764 Quod
446 680 608 768 judicium
627 680 854 769 qualecunque
870 703 979 748 meum
993 683 1024 747 si
1037 681 1169 750 Vobis
1189 708 1276 752 com·
1354 752 1359 763 ,

142 785 320 872 probaro,
341 800 438 873 spero
461 783 543 868 iere,
563 793 600 850 ut
620 781 682 853 huc
703 785 888 850 munusculi
906 806 974 851 non
993 784 1164 871 indignum
1190 788 1276 872 arbi·-

140 888 298 954 tremini
320 885 374 954 vel
396 886 864 975 PhilippeaAoademia,
881 887 1001 954 veihis
1023 889 1136 973 seems,
1156 889 1275 977 quibus
1303 907 1307 914 ·
1336 935 1342 946 .

141 1011 187 1056 ea
208 992 295 1077 jam
314 989 448 1056 tertium
466 979 690 1077 integrum.
732 989 834 1057 Ferit
852 988 962 1054 Deus
982 989 1171 1077 Optimus
1192 985 1298 1063 liicr

140 1095 313 1178 ximus,
346 1101 383 1158 ut
409 1092 468 1158 illa
494 1092 581 1162 alma
607 1101 712 1158 meter
738 1090 959 1161 doctrinarum
981 1091 1119 1159 laetiora
1140 1095 1175 1160 in
1202 1095 1274 1160 <lies

139 1197 365 1262 incrementa
385 1197 509 1284 capiet,
535 1201 637 1283 utque
661 1194 829 1281 antiquam
848 1213 940 1259 suam
959 1194 1274 1286 gloriampmpetns

140 1306 296 1366 tueatur
323 1307 356 1364 et
380 1307 508 1384 augeat.
559 1298 674 1386 Itaque
699 1295 818 1362 anete
838 1296 911 1362 Viri
939 1298 1168 1384 venerabiles,
1194 1300 1274 1366 Pru-

143 1401 366 1485 dentissimi‚
388 1401 691 1490 Elxperientiesinri,
712 1400 1008 1484 Excellentissimi,
1028 1401 1273 1489 Humanissimi,

144 1504 310 1594 mihique
332 1503 453 1572 favete.
704 1555 707 1564 .
985 1575 989 1583 ,
1260 1576 1265 1584 ,
1329 1496 1333 1511 ’

248 1605 443 1674 Scribebam
457 1605 700 1691 Heidelbergae
709 1603 825 1670 Idibus
836 1603 935 1670 Juliis
950 1606 1029 1670 anni
1040 1622 1271 1679 unuocxxmu
1285 1605 1291 1618 “

613 1807 822 1821 —q——u———n

693 1929 721 1994 Ι.

149 2040 375 2099 ensnrssruo
397 2047 480 2096 vrso
499 2047 614 2095 pruno
629 2047 789 2116 uumsso,
814 2049 1112 2099 amorreorum
1127 2039 1173 2098 nr'
1189 2050 1272 2102 cou-

263 2153 420 2202 smmum
442 2149 629 2219 Picumno,
653 2149 765 2199 Amce
785 2151 969 2202 reuersum
991 2152 1167 2202 connuno.

578 2253 866 2303 HAIDnLBuRGAn.

513 2343 610 2410 (Redi.
629 2345 657 2396 8.
675 2345 741 2410 May
756 2341 835 2397 1588.
853 2343 920 2411 Ha)
1008 2367 1011 2373 ·
1200 2393 1203 2399 .

248 2429 282 2496 S.
312 2429 398 2494 Petii
422 2449 526 2514 nuper
550 2437 585 2493 ut
607 2426 774 2512 vulgatam
803 2426 968 2514 Spartiani
997 2427 1172 2497 editionem
1198 2451 1272 2494 cum

154 2534 316 2622 Epitome
338 2540 463 2614 vestra,
486 2538 523 2598 ut
542 2529 698 2595 Pithoeus
722 2529 880 2617 appellat,
900 2529 1081 2595 conferres:
1113 2539 1150 2596 ut
1170 2554 1213 2596 ex
1234 2519 1282 2596 ea*

157 2637 295 2702 demum
323 2633 495 2736 collatione
525 2631 643 2698 certior
668 2631 795 2716 fierem,
829 2635 914 2700 sitne
941 2635 1079 2721 epitome
1105 2656 1148 2698 an
1175 2635 1290 2722 plena

154 2737 352 2822 historia¹⁰)‚
373 2757 456 2826 quae
478 2736 513 2800 in
533 2734 733 2802 bibliothece
753 2745 865 2837 vestra
886 2746 993 2804 exstat
1011 2738 1064 2804 De
1083 2738 1153 2802 vita
1167 2737 1271 2823 Impe

233 3003 278 3069 10)
297 3000 396 3067 rejeci
418 3015 473 3064 an,
496 2996 570 3064 quod
593 3002 621 3052 et
643 2999 780 3053 muntia
803 2997 925 3064 pustulat
948 3002 976 3051 et
999 2995 1271 3064 sequentialrebent.

157 3092 273 3148 Gruteri
289 3091 470 3156 Salmasiique
487 3090 578 3148 aetate
595 3086 807 3139 in‘bibliotheca
815 3085 1042 3152 Heidelbergenai
1060 3089 1088 3135 at
1104 3085 1210 3152 integer
1227 3099 1272 3137 co-

159 3182 214 3234 dex
236 3179 364 3232 exstabat
375 3155 516 3244 Spartiani
534 3181 562 3226 et
580 3191 612 3228 ex
631 3175 725 3228 eodem
743 3176 876 3240 scriptore
886 3175 1033 3240 Excerpta.
1069 3173 1114 3224 Ita
1130 3173 1201 3225 euim
1214 3171 1272 3225 Sal-

157 3269 264 3320 masius
288 3267 323 3318 ati
340 3266 480 3316 Historiae
497 3264 639 3330 Augustae
662 3263 815 3329 Scriptores
838 3277 886 3313 sex
903 3277 931 3327 p.
950 3263 967 3312 2
985 3273 1033 3326 sq.¹
1050 3257 1093 3312 ed.
1111 3258 1200 3324 Lugd.
1219 3261 1272 3310 Ba-

157 3360 218 3408 tav.
237 3355 400 3408 Huckianae
419 3353 499 3405 1671:
517 3351 633 3417 „Aelii
652 3349 841 3418 Spartiani]
861 3351 906 3400 Ita
922 3349 991 3400 liber
1008 3345 1152 3399 Palatinae
1169 3345 1271 3397 Biblio-

157 3443 260 3496 thecae
277 3457 383 3510 semper
401 3442 534 3507 scriptum
545 3438 671 3492 exhibete
689 3441 741 3506 qui
754 3439 822 3492 liber
839 3443 874 3490 ut
888 3437 923 3490 de
940 3440 1081 3490 auctorum
1097 3435 1212 3488 istorum
1230 3449 1270 3488 re

158 3533 290 3583 censione
315 3535 344 3582 et
367 3545 439 3584 nova
472 3527 618 3580 eorundem
640 3528 761 3580 editione
785 3528 907 3594 cogitare
924 3525 1060 3580 sonemus
1081 3526 1166 3588 atque
1187 3522 1271 3576 etism

157 3619 279 3672 fortasse
296 3633 451 3685 possemus,
470 3617 544 3668 soles
563 3616 687 3669 effecit.“
713 3643 746 3660 -v
758 3616 851 3682 .„Se‹l
869 3614 942 3681 qnod
959 3613 1043 3666 etium
1059 3611 1148 3676 mgis
1165 3611 1270 3680 mireris

127 3753 130 3756 .
157 3707 260 3759 ticam.
301 3707 365 3759 Vidi
383 3689 580 3771 'antiquissima
604 3705 743 3772 Spartiani
766 3709 907 3769 excerpta,
932 3716 1003 3767 quae
1019 3702 1164 3752 serrantur
1179 3699 1209 3750 in
1226 3698 1270 3748 Bi·

158 3795 301 3848 bliotheca
316 3794 494 3846 illustrissimi
511 3793 664 3860 Principis,
677 3793 791 3844 Comitis
809 3789 944 3852 Palatini,
971 3787 1069 3853 quibus
1088 3787 1223 3851 excerptis
1246 3785 1270 3833 si

159 3883 227 3936 fides
241 3883 368 3934 habende
385 3887 436 3946 est,
456 3881 548 3934 nullus
562 3882 591 3932 in
611 3882 663 3934 huo
681 3881 797 3935 historia
810 3879 937 3932 Vulcatio
949 3876 1093 3933 Gallicano
1108 3874 1196 3937 locus,¹
1212 3871 1269 3927 nul,

158 3969 200 4022 lus
220 3970 299 4025 Aelio
317 3969 490 4036 Lampridio,
507 3968 598 4020 nullus
617 3970 700 4024 etiam
715 3968 793 4021 Julio
809 3965 982 4032 Capitolino,
997 3963 1053 4014 nisi
1069 3962 1098 4013 in
1114 3961 1269 4016 Maximini!

158 4063 269 4110 tantum
279 4063 315 4110 ¹st
335 4058 370 4110 iis
389 4057 598 4123 imperatoribus
617 4057 665 4122 'qui
681 4060 832 4121 sequuntur
850 4069 937 4120 usque
954 4051 990 4104 ed
1004 4049 1191 4104 Valerianum:
1208 4047 1270 4099 reli»

159 4163 228 4213 quos
244 4147 316 4197 enim
334 4161 427 4196 omnes
445 4145 480 4196 ab
498 4144 639 4196 Hadriano
658 4145 687 4194 in
704 4143 868 4196 Maximinos
886 4140 1034 4207 Spartianc
1052 4137 1103 4190 soli
1126 4135 1224 4194 tribuit
1240 4138 1269 4186 et

160 4235 323 4288 Maximinos
345 4233 463 4284 etiam.“
506 4232 556 4282 uf„
575 4231 659 4282 etiam
685 4231 796 4284 Gruteri
811 4235 886 4283 note.
897 4245 925 4295 p.
942 4227 971 4282 c.
1006 4224 1086 4281 Unde
1108 4220 1270 4288 intelligitur

161 4323 412 4390 praestantissimos
430 4320 492 4372 illos
516 4319 625 4372 codices
643 4319 890 4385 Heidelbergenses
907 4317 1020 4382 primam
1038 4310 1179 4367 materiam
1196 4308 1271 4361 exhi-

161 4412 255 4462 besse
278 4393 509 4476 di'sputatiouibus
530 4407 647 4472 erreis,
669 4421 739 4473 quas
760 4402 796 4460 eo
816 4404 1001 4472 seersum
1021 4398 1163 4464 sisariae
1178 4395 1270 4461 sugu-
1306 4412 1310 4420 ·

162 4504 220 4552 stae
237 4498 301 4550 iude
320 4515 337 4550 a
348 4497 476 4550 Salmasii
495 4499 587 4547 aetate
606 4495 641 4547 ad
659 4500 780 4547 nostram
798 4509 884 4560 usque
895 4488 1052 4560 memorium
1068 4485 1281 4559 pertinuerunt
