3167 5192
299 497 360 562 198

297 667 359 735 luit
378 663 589 746 Melissus,
605 667 702 728 natm
718 656 801 726 1539
817 657 1034 726 lielriehststi
1052 658 1289 726 iul'ranconis
1302 661 1422 726 orien-

297 769 357 838 uti
374 776 467 859 petre
487 765 682 834 Baltlsesnre
703 762 845 830 Schedio
865 771 970 830 matre
982 763 1101 830 Ottilis
1113 761 1258 848 Melissa,
1274 765 1354 850 jam
1377 765 1425 828 iis

297 873 403 956 aunis,
424 889 489 960 quo
509 867 703 936 rudimentis
724 867 894 932 liternum
912 867 1010 932 unice
1029 887 1163 954 operans
1175 865 1256 931 dent
1268 865 1426 954 pueruli,

297 975 422 1064 poesin,
444 973 603 1040 musicani
617 971 843 1058 picturamque
857 969 1052 1056 attingebat.
1074 969 1282 1036 Carminibus
1299 979 1426 1038 autem

298 1081 334 1146 in
355 1077 444 1144 omni
464 1078 534 1142 vita
555 1074 761 1162 potissimum
781 1072 945 1140 inclaruit.
988 1071 1075 1138 liam
1103 1081 1317 1161 posteaquam
1334 1074 1425 1139 tiro·

298 1180 394 1247 ciniis
414 1179 529 1268 positis
552 1177 663 1266 plures
686 1176 885 1244 Germaniae
906 1175 1094 1243 academias
1115 1175 1280 1242 studiosus
1300 1177 1425 1243 litera-

298 1307 371 1351 rum
394 1283 535 1365 adierat,
566 1303 653 1347 nuno
679 1283 758 1346 1564
781 1280 998 1347 vindobonae
1018 1301 1041 1346 e
1060 1279 1271 1347 Ferdiuando
1291 1279 1424 1346 Roma·

299 1387 415 1454 norum
436 1386 637 1474 Imperatore
659 1384 766 1450 dictus
781 1391 832 1449 est
845 1391 943 1471 potita
956 1381 1121 1448 lauseetus
1135 1391 1170 1448 et
1183 1383 1269 1448 iuter
1282 1382 1423 1449 nobiles

299 1489 433 1556 relatus.
476 1488 630 1574 Longum
660 1495 710 1552 est
740 1486 840 1573 hujus
872 1486 937 1552 viri
968 1507 1023 1550 res
1049 1484 1220 1572 sigillatim
1245 1488 1421 1574 persequi.

300 1592 433 1660 Etenim
461 1591 491 1656 si
512 1591 585 1678 quis
604 1608 774 1676 umquam,
805 1588 893 1654 idem
917 1609 1003 1654 unus
1024 1587 1121 1654 lsomo
1140 1587 1301 1654 humanae
1321 1590 1423 1656 vitae

300 1693 545 1762 vicissitudines
570 1691 799 1760 incredibilem
821 1692 858 1756 iu
882 1691 1078 1756 modnmin
1103 1712 1140 1756 se
1168 1699 1323 1778 expretus
1346 1700 1422 1776 eet;

300 1798 419 1884 utqui
446 1817 534 1862 nunc
559 1795 690 1894 penitus
720 1793 927 1860 delitesceret
952 1795 989 1858 iu
1018 1793 1137 1860 umbra
1164 1793 1352 1860 scholarum
1385 1803 1422 1860 et

301 1900 390 1964 circa
415 1897 687 1964 bibliothecarum
713 1895 840 1964 fomlos
870 1897 1062 1984 uepidaret,
1092 1897 1197 1963 veluti
1223 1898 1350 1964 Romae
1380 1900 1421 1963 in

301 2001 478 2085 Vaticana,
497 2023 559 2067 nec
579 2008 749 2088 praeterea
769 1999 860 2068 aliud
882 2001 999 2067 sectari
1019 2001 1203 2085 videretur,
1233 2023 1332 2090 quam
1352 2003 1418 2066 cir·

301 2104 393 2172 culos
415 2103 582 2170 hominum
602 2102 812 2187 eruditorum,
835 2102 991 2191 equibus
1011 2103 1177 2191 principes
1194 2103 1230 2168 iu
1243 2102 1418 2168 familiari-

300 2207 364 2274 bus
390 2205 519 2290 habuit,
548 2227 637 2272 nuno
664 2207 700 2272 in
719 2205 909 2272 luce-aulae
930 2207 1125 2294 conspicuus
1146 2214 1249 2290 esset,
1275 2204 1420 2272 Comitis

302 2332 431 2402 quoque
458 2309 602 2376 Palatini
631 2308 812 2376 honoribus
839 2315 970 2394 auctus,
1003 2331 1091 2376 nunc
1123 2309 1218 2374 aulae
1243 2318 1419 2396 pertaesus

302 2413 477 2480 miliustrsns
503 2413 611 2480 abiret
642 2415 690 2499 (et
718 2413 883 2499 stipendis
907 2413 1027 2478 meruit
1053 2413 1090 2476 in
1115 2411 1288 2498 Huugerie
1313 2415 1418 2502 inque

303 2514 415 2582 Gallia
436 2511 584 2601 pluribus
606 2512 759 2597 ducibus,
782 2514 834 2578 bis
856 2515 954 2580 etiam
973 2521 1088 2602 ceptus
1109 2515 1145 2578 in
1160 2514 1306 2602 itinere),
1326 2539 1417 2584 nunc

302 2619 567 2708 peregrinaretur
591 2618 701 2681 varias
729 2617 881 2704 Europae
907 2640 966 2706 per
990 2627 1111 2702 terras,
1145 2625 1178 2682 et
1194 2619 1350 2706 privatim
1368 2621 1417 2686 di·

304 2720 418 2788 scendi
438 2738 556 2788 caussa
583 2727 616 2784 et
643 2719 773 2806 publice
800 2729 909 2786 orator
929 2721 1093 2808 Principis
1115 2720 1279 2788 Friderici
1299 2721 1417 2806 Tertii,

303 2823 467 2894 Electnrie
485 2822 639 2890 Palatini.
682 2823 831 2890 Tandem
846 2824 940 2889 varie
957 2823 1162 2898 conflictatus
1182 2843 1258 2888 cusu
1272 2832 1415 2913 utreque

304 2928 436 2996 fortine
455 2926 665 3014 mirificeque,
687 2927 736 2992 uti
757 2927 845 3014 apud
865 2935 997 3014 potitam
1017 2935 1079 3011 est,
1099 2935 1134 2992 et
1153 2929 1250 2992 terris
1267 2927 1414 3013 jaetcus

304 3040 338 3099 et
357 3029 439 3116 alte,
465 3051 550 3098 anno
573 3030 654 3096 1586
675 3029 933 3116 Heidelbergam
952 3039 1097 3096 coenent
1119 3030 1265 3097 velutin
1284 3039 1417 3117 portum

307 3274 334 3324 p.
353 3257 406 3309 649
424 3273 467 3325 sq.
503 3255 635 3310 Schedius
654 3261 746 3310 sutem
764 3257 868 3309 saeculi
891 3259 935 3309 sui
952 3273 1054 3310 morem
1070 3263 1182 3310 secutus
1197 3263 1352 3313 insternunt
1370 3277 1417 3314 no

305 3361 368 3400 meu
385 3351 417 3398 ut
435 3362 563 3414 grsecum
583 3361 616 3398 ao
632 3347 720 3412 magis
738 3347 877 3412 politicum
894 3349 1008 3413 pstersso
1019 3347 1181 3413 praetulisse
1198 3347 1315 3401 videtur.
1336 3349 1417 3402 Unde

306 3434 388 3485 etiam
403 3435 541 3500 oppidum,
560 3435 589 3484 in
606 3449 659 3499 quo
676 3434 705 3484 in
722 3432 810 3486 lucem
828 3434 918 3486 editus
937 3439 1005 3499 erat,
1021 3435 1176 3502 Alphipolin
1194 3435 1416 3491 dicere‘solebat.

305 3521 443 3586 Ceterum,
467 3527 542 3574 recte
571 3523 734 3574 observante
755 3522 895 3574 Bruclrerc
923 3507 952 3573 in
974 3522 1166 3590 Ebrentempel
1193 3524 1241 3576 der
1256 3527 1416 3609 Deutsclqen

308 3607 523 3662 Gelelsrsamlseit
546 3609 595 3662 1v.
615 3625 643 3676 p.
668 3608 744 3672 148„
765 3609 813 3660 illo
835 3609 946 3660 semim
966 3610 1018 3662 lsoe
1035 3613 1124 3678 magis
1147 3609 1278 3664 delectari
1296 3617 1415 3680 poteret,

261 3697 265 3704 '
305 3712 359 3764 quo
382 3696 572 3749 celebratiores
599 3699 628 3748 in
652 3698 818 3764 antiquitate
840 3696 959 3761 Melissi,
987 3699 1017 3748 in
1037 3699 1082 3750 isis
1108 3699 1224 3752 libertus
1245 3697 1416 3754 mennatis

306 3785 372 3852 (non
389 3785 522 3851 Augusti,
540 3791 572 3836 ut
590 3785 659 3837 falso
679 3786 789 3851 scripsit
800 3785 949 3853 Brucker),
968 3786 1002 3837 de
1019 3803 1074 3853 quo
1089 3790 1173 3854 pnite
1191 3795 1220 3842 et
1237 3791 1416 3846 bibliotheca·

305 3875 346 3928 rio
364 3873 480 3927 Ovidius
498 3875 541 3926 Ex
558 3874 640 3926 Pont.
660 3875 722 3928 Lib.
734 3873 783 3926 IV.
796 3875 854 3940 ap.
873 3873 917 3925 16.
934 3889 976 3926 vs.
996 3874 1040 3927 te.

512 3961 573 4025 „Et
589 3965 637 4012 tua
655 3977 716 4013 cum
732 3979 812 4014 socco
830 3963 924 4027 Musa,
942 3963 1067 4027 Melicae,
1089 3963 1217 4028 levis,“‘

305 4049 354 4100 ubi
371 4048 405 4100 de
420 4047 543 4116 pluribus
558 4049 679 4102 Melissis
698 4049 754 4102 vid.
771 4050 861 4102 Niool.
880 4051 1012 4102 Heinsius
1035 4055 1064 4102 et
1081 4044 1225 4104 (irsevinls.
1260 4051 1305 4106 Gi.
1330 4054 1414 4105 etism

298 4135 339 4186 Τ.
355 4136 390 4189 Δ.
407 4136 485 4188 Wolf
500 4137 536 4189 ad
551 4137 664 4190 Sueten.
685 4139 846 4191 Grammstt.
860 4137 914 4192 ΠΙ.
933 4144 962 4190 et
977 4140 1054 4191 xxl.
1072 4155 1099 4205 p.
1113 4141 1140 4191 7.
1155 4144 1226 4206 etp.
1245 4141 1289 4194 il.
1320 4141 1416 4192 Liber·

307 4223 344 4274 tis
362 4228 453 4278 sutem
477 4227 624 4292 praecipue
641 4225 775 4292 ejusmodi
797 4228 909 4278 nomina
925 4228 1036 4294 poitiers
1054 4227 1148 4278 indere
1166 4225 1262 4278 solitos
1283 4241 1346 4279 esse
1362 4229 1415 4281 Bo·

307 4327 402 4364 manos
426 4326 513 4381 nuper
540 4316 653 4382 exposui
680 4317 708 4367 in
731 4315 967 4368 (iommentcticne
990 4313 1095 4368 iiallice
1121 4330 1202 4366 versa
1227 4316 1263 4366 ab
1285 4315 1414 4383 negares

307 4399 410 4540 ἓὲιίιιοὲ
436 4402 471 4455 V.
496 4402 537 4456 cl.
569 4403 622 4458 too
646 4403 741 4457 titole=
771 4401 983 4473 Proliposntnes
1009 4419 1058 4456 sur
1085 4400 1253 4472 l’eselssage
1277 4404 1347 4456 cites
1374 4405 1414 4457 les

349 4487 448 4543 resina
