3167 5192
326 501 386 570 tet

323 645 427 744 artem
448 669 569 757 scripto
588 667 782 752 illustraret,
806 670 877 736 eive
898 671 1077 758 explicaret
1099 671 1269 758 docendo,¹
1295 675 1367 740 sive
1385 675 1430 740 sa

223 763 235 776 χ
325 779 415 838 reret
436 771 605 859 denique·
632 771 705 852 Quo
724 771 881 838 libentius
901 773 1107 858 ignoscemus
1129 774 1267 859 homini,
1298 778 1326 840 si
1348 777 1430 842 forte
1486 765 1487 836 l

324 873 585 960 magnificentius
609 873 772 939 interdum
797 875 838 940 de
864 897 900 940 se
929 876 1010 962 ipse
1028 884 1195 942 statueret.
1247 877 1319 958 Quo
1350 878 1431 944 illud

323 978 480 1066 pertinet,
500 975 587 1062 quod
607 974 743 1042 moleste
762 976 900 1061 terebat,
922 980 952 1044 si
973 977 1044 1066 quis
1059 979 1338 1066 peregrinantium
1363 1003 1430 1044 eru-

324 1079 458 1146 ditionis
477 1077 585 1146 aliave
607 1077 703 1144 lande
724 1077 888 1144 excellens
903 1101 969 1146 non
983 1082 1144 1148 continuo·
1159 1082 1431 1170 scs-convenisset.

325 1182 410 1248 Nam
430 1181 615 1270 quicunque
638 1203 749 1249 eorum
774 1182 882 1268 ipsum
902 1181 1140 1268 salutaverant,
1170 1205 1281 1248 eorum
1302 1186 1434 1250 nomine.

326 1284 403 1350 albo
428 1284 586 1372 inscripta
609 1283 749 1352 libenter
775 1283 977 1370 proferebat,
1005 1307 1111 1374 neque
1136 1287 1167 1351 ei
1195 1287 1319 1372 gratius
1342 1287 1433 1374 quid·

326 1407 430 1472 quam.
444 1385 580 1469 faceres,
602 1387 746 1474 quamsi
766 1387 933 1454 literarum
950 1385 1262 1454 commendationem
1280 1388 1323 1454 ad
1339 1411 1432 1476 qnos

325 1489 376 1554 vis
402 1487 456 1554 vel
481 1502 632 1575 proceres
659 1487 714 1554 vel
740 1489 883 1556 eruditos
909 1491 1139 1558 mittendarum
1161 1513 1204 1558 ex
1232 1514 1270 1558 eo
1293 1501 1432 1578 peteres.
1486 1547 1487 1580 p

329 1588 492 1676 Oupiebat
513 1591 599 1656 enim
619 1590 948 1678 quamplurimorum
973 1595 1089 1658 notitia
1108 1593 1235 1660 llorere.
1486 1673 1487 1678 ἵ

409 1692 456 1758 At
466 1693 554 1759 idem
560 1693 680 1779 juvare
691 1715 788 1780 quam
801 1693 959 1780 plurimos
969 1685 1131 1782 cupiebat.
1156 1695 1252 1778 Quod
1262 1696 1297 1760 in
1308 1695 1434 1783 relique

325 1797 395 1864 uita
404 1797 554 1883 apparuit
566 1804 598 1860 et
612 1797 648 1860 in
660 1803 731 1861 arte
746 1795 894 1862 docenda
911 1798 1168 1886 exercendaque.
1200 1797 1383 1884 Praecipue
1394 1821 1433 1863 ex

326 1920 392 1987 quo
400 1898 520 1964 Noster
531 1899 637 1964 factus
649 1899 788 1965 lautiore
799 1901 962 1987 stipendio
976 1901 1139 1985 umbem,
1158 1900 1350 1988 plerumque
1362 1922 1432 1986 gre-

259 2045 264 2054 ·
324 2002 441 2070 tuitam
458 2023 591 2090 operam
611 2000 802 2073 novabatet
822 2003 872 2087 iis,
895 2006 951 2090 qui
966 2005 1068 2092 ipsius
1084 2003 1203 2070 scholis
1223 2004 1427 2085 interessent,

327 2113 360 2170 et
380 2105 437 2193 qui
457 2105 501 2171 cd
522 2104 593 2191 ejus
613 2103 773 2171 auxilium
789 2104 1026 2191 confugissent.
1069 2107 1208 2192 Agendo
1228 2105 1432 2193 enim‚·quo‹l
1486 2155 1487 2178 2

326 2229 426 2294 snpra
448 2207 600 2291 diximus,
623 2207 782 2271 contineri
803 2207 936 2274 volebat
955 2209 1142 2295 primariam
1161 2217 1288 2296 partem
1302 2207 1431 2292 religio·
1486 2179 1487 2254 l

326 2309 393 2392 nis,
420 2309 516 2396 cnjus
543 2332 642 2374 sensu
659 2310 741 2376 adeo
764 2308 973 2393 movebatur,
997 2320 1035 2376 ut
1054 2330 1298 2398 nonnumquam
1321 2327 1431 2373 sacrae

326 2433 449 2478 coenae
477 2412 604 2485 admoti,
628 2422 755 2498 gestus,
776 2411 902 2495 vultus,
930 2412 1093 2500 lacrymae
1115 2412 1289 2498 unicunque
1309 2410 1431 2498 pates·

327 2522 438 2583 cerens
458 2513 506 2578 rei
530 2516 734 2581 sanctitatem
756 2513 864 2600 Ipsius
886 2513 993 2580 animo
1022 2515 1152 2601 penitus
1177 2513 1431 2600 repraesentem
1486 2521 1487 2562 ἲ

329 2615 434 2702 (leque
451 2615 540 2682 uitae
561 2638 640 2682 succ
654 2617 745 2682 exitu
764 2638 839 2682 cum
856 2599 938 2682 alias
956 2625 1025 2682 tum
1041 2637 1144 2703 nuper
1160 2616 1207 2680 ita
1224 2614 1354 2680 locutus
1376 2616 1430 2698 est,
1486 2613 1487 2704 ζ

325 2725 364 2782 nt
383 2718 512 2786 cavisse
532 2720 715 2802 videretur,
737 2740 780 2782 ne
792 2739 907 2805 parum
921 2727 1054 2805 paratus
1068 2726 1172 2785 morte
1186 2717 1430 2804 opprimeretur.
