3167 5192
196 495 201 526 ,-
290 490 356 589 xar

315 658 482 754 plicesque
509 654 552 721 ad
575 656 664 744 ipsos
682 656 784 723 delati
804 656 992 745 perfugium
1012 656 1189 744 petierunt,
1208 655 1244 721 in
1265 656 1334 721 suis
1352 654 1439 721 fini-

316 761 378 827 bus
405 760 553 827 habitare
577 767 775 848 paterentur.
828 759 925 826 Iones
954 767 1063 824 autam
1089 778 1133 827 ex
1156 758 1285 847 thaja
1310 757 1436 845 pulsos

316 870 442 929 constat
472 864 539 929 una
570 885 643 928 cum
670 863 789 928 Atticis
825 862 939 927 eodem
972 860 1043 927 loco
1077 861 1198 927 diutius
1224 860 1435 943 consedisse,

315 966 402 1032 haud
422 965 605 1052 vulgariter
619 965 747 1052 adjutos
769 974 997 1051 recreatosque
1011 954 1201 1048 φιλοξενίας
1220 962 1340 1045 officio,
1359 982 1435 1049 quo

198 1145 200 1152 Ι
314 1068 364 1133 illi
388 1071 474 1135 inter
503 1090 615 1133 omnes
643 1068 839 1134 excelluisse
867 1067 1029 1133 dicuntm.
1073 1065 1118 1131 Et
1143 1068 1188 1131 ita
1215 1064 1435 1131 machinante

280 1186 283 1192 '
313 1170 474 1256 Fortuna,
500 1173 571 1259 ipse
599 1170 655 1236 ille
681 1171 864 1256 Daedalus,
893 1172 929 1235 in
955 1170 1086 1236 Oratam
1115 1166 1326 1255 Siciliamque
1349 1184 1434 1253 pro·

313 1273 421 1359 lngus,
447 1280 479 1338 et
499 1271 711 1367 Cretensibus
734 1282 766 1338 et
779 1271 898 1339 Siculis
914 1273 993 1337 artis
1010 1294 1087 1338 suae
1107 1272 1285 1359 specimina
1307 1268 1430 1335 edidit.

355 1386 371 1413 ’
399 1374 491 1457 Quae
519 1374 648 1459 fabula,
677 1374 844 1441 vindicata
869 1374 999 1463 quidem
1025 1382 1235 1461 apoetarum
1259 1370 1430 1455 ludibriis,

312 1477 400 1543 haud
427 1478 548 1563 exigua
574 1477 904 1565 adpropinquantium
930 1476 1100 1565 paullatim
1125 1478 1244 1541 artium
1261 1500 1263 1505 ’
1278 1475 1432 1560 vestigia

311 1582 447 1664 retinet3
470 1580 732 1668 quandoquidem
749 1588 782 1645 et
802 1575 1006 1645 necessarius
1026 1579 1203 1645 earundem
1225 1576 1431 1645 exercenda-

195 1744 205 1756 .
312 1704 384 1754 rum
409 1690 582 1771 apparatus
609 1681 650 1745 ab
682 1681 739 1746 illo
773 1683 925 1748 inventus
954 1682 1090 1767 dicitur,
1118 1690 1155 1749 ut
1182 1702 1286 1764 serra,
1321 1680 1429 1763 ascia,

311 1784 443 1849 terebra
462 1783 561 1872 idque
582 1806 686 1870 genus
708 1785 924 1849 instrumenta
949 1785 1031 1871 alia3
1061 1795 1092 1851 et
1113 1786 1148 1849 in
1168 1784 1242 1871 ipsd
1263 1782 1431 1847 statuaria

311 1888 472 1973 insignior
490 1908 543 1952 ars
562 1888 717 1975 quaesita,
736 1906 810 1951 cum
827 1884 959 1951 humani
982 1887 1127 1974 corporis
1144 1887 1315 1973 imagines,
1337 1906 1429 1974 quae

197 2042 201 2046 .
279 2064 284 2069 ,
311 1990 549 2077 Aegyptiorum
576 2010 667 2054 more
695 1988 801 2055 adhuc
828 1990 863 2053 in
891 1998 1023 2055 truncos
1062 1990 1226 2055 desierant
1252 1988 1307 2079 sel
1335 2010 1428 2055 oom-

311 2092 433 2178 pressis
459 2091 597 2179 pedibus
626 2099 798 2177 steterant,
822 2092 894 2180 jam
921 2092 1078 2181 sejunctis
1106 2090 1356 2175 exhiberentur,
1386 2098 1427 2155 ut

310 2194 463 2259 incedere
485 2194 621 2261 diceres.
665 2198 775 2283 Atque
797 2196 951 2263 hocloco
973 2196 1086 2260 mirari
1111 2194 1189 2259 licet
1209 2192 1339 2258 felicem
1362 2192 1426 2257 At-

309 2299 448 2363 ticorum
468 2298 626 2383 indolem,
655 2321 738 2387 quae
759 2298 801 2365 ab
826 2300 948 2365 exteris
969 2297 1090 2363 tradita
1117 2296 1212 2361 initia
1234 2296 1353 2361 artium
1374 2295 1427 2360 ita

311 2401 482 2487 effingeret
504 2400 725 2487 erudiretque,
751 2411 788 2466 ut
817 2424 874 2467 eae
902 2424 969 2466 non
996 2400 1201 2467 adventiciae
1229 2418 1335 2486 neque
1361 2396 1425 2461 ali-

310 2502 397 2567 unde
420 2501 605 2589 quaesitae,
633 2502 693 2566 sed
716 2503 751 2565 in
771 2504 881 2569 Attico
904 2504 998 2592 quasi
1023 2503 1092 2569 solo
1114 2503 1245 2589 genitae
1267 2499 1424 2565 sideren-

309 2614 372 2671 tur.
424 2605 539 2691 Itaque
567 2604 691 2669 factum
718 2614 783 2691 est,
812 2614 848 2671 ut
873 2608 974 2673 iidem
995 2606 1168 2693 Aegyptiis
1192 2600 1423 2672 Cretensibus-

310 2730 373 2797 que
400 2715 432 2771 et
459 2705 534 2771 aliis
561 2716 726 2794 tamquam
753 2708 821 2773 suis
849 2708 1114 2797 praeceptoribus
1135 2706 1224 2773 baud
1248 2706 1295 2771 ita
1315 2704 1424 2771 multo

307 2817 383 2897 poet
410 2808 592 2873 lautissima
618 2810 759 2875 nutricia
784 2812 878 2899 quasi
903 2821 935 2877 et
963 2810 1158 2877 minervalia
1179 2808 1420 2897 persolverent.

298 2910 423 3006 ¹Neque
442 2932 521 2975 vero
533 2912 659 2997 xnegari
680 2911 792 2997 debet,
815 2914 843 2977 si
860 2915 1020 2979 rationem
1037 2914 1128 2979 ineas
1148 2913 1291 2977 omnium
1314 2909 1421 2975 Grae·
1505 2926 1506 2935 ¹

308 3014 379 3110 ciac
401 3012 588 3098 civitatum,
610 3014 777 3103 praeclare
799 3016 947 3103 inprimis
962 3022 1075 3081 ‘actum
1096 3014 1198 3080 fuisse
1220 3036 1294 3081 oum
1315 3011 1420 3077 Athe-

307 3116 375 3201 nis3
390 3116 654 3205 quandoquidem
674 3140 717 3183 ex
736 3118 968 3183 eruditioribus
987 3117 1116 3205 populis
1138 3118 1173 3181 in
1191 3116 1276 3181 hanc
1290 3113 1419 3197 urbem,

298 3225 470 3306 ,patentem
492 3218 535 3283 ad
555 3240 645 3288 mare
660 3221 935 3308 opportunissimo
953 3219 1113 3308 appulsui,
1133 3228 1166 3285 et
1183 3218 1346 3284 maturius
1357 3216 1419 3281 ali-

307 3331 427 3409 quanto
449 3330 482 3386 et
507 3319 609 3385 multo
638 3321 784 3389 crebrius
807 3324 1032 3407 advenissent,
1063 3322 1120 3411 qui
1140 3320 1228 3389 bona
1260 3340 1319 3386 sua
1340 3342 1418 3384 cum
1505 3376 1506 3381 ,

307 3426 347 3489 et
368 3425 500 3489 civitate
526 3413 810 3491 communicarent.
855 3426 905 3491 Ao
932 3426 1016 3490 sicut
1037 3446 1076 3490 ea
1096 3434 1198 3507 terra,
1226 3442 1311 3511 quae
1333 3442 1417 3485 sem-

305 3528 364 3614 per
384 3526 508 3611 horret,
537 3535 702 3591 contracta
723 3528 848 3615 frigore
876 3536 907 3593 et
933 3529 1098 3615 pe1petuis
1121 3526 1266 3593 obnoxia
1289 3524 1415 3612 aquilo·
1449 3578 1453 3594 .

305 3628 417 3712 nibus,
435 3628 554 3693 idonea
575 3652 647 3695 esse
663 3632 776 3718 nequit
798 3632 840 3696 ad
862 3630 996 3696 alendas
1011 3630 1124 3715 fruges
1146 3629 1337 3716 fructusque
1362 3646 1416 3694 ar-

305 3730 437 3814 borum,
453 3731 513 3795 sed
535 3754 589 3816 ea,
613 3755 710 3820 quae,
730 3732 789 3799 ubi
807 3734 970 3819 conceptis
993 3730 1171 3797 seminibus
1195 3730 1332 3797 hiberno
1355 3730 1415 3795 fri-

305 3853 384 3918 gore
406 3830 565 3897 adstricta
586 3835 708 3921 jacuit,
741 3836 853 3901 vernis
885 3835 1022 3901 modicis
1050 3834 1209 3901 imbribus
1241 3842 1273 3899 et
1297 3842 1414 3921 tepore

305 3934 451 3999 laxabit:
470 3934 534 4019 ita,
555 3959 628 4001 eum
649 3937 825 4005 nonnullae
846 3932 959 4025 gentes
977 3938 1136 4025 perpetua
1154 3946 1321 4024 torperent
1338 3937 1413 4003 bar-

304 4036 409 4119 barie,
432 4036 616 4103 Atticorum
635 4039 804 4125 ingenium
826 4065 868 4121 en
897 4042 956 4107 illa
973 4039 1089 4125 ,ferina
1111 4038 1313 4105 immanitate
1340 4063 1413 4106 eru-

305 4132 453 4207 ditor'um'
471 4140 659 4206 colonorum
686 4141 845 4208 beneficio
873 4142 916 4208 ad
942 4141 1134 4207 humaniora
1154 4142 1263 4208 studia
1283 4144 1413 4230 mitiga-

303 4252 372 4309 tum
404 4251 463 4307 est.
517 4244 644 4309 Eodem
678 4244 837 4311 beneficio
870 4244 973 4309 Attici
1006 4244 1153 4309 homines
1183 4244 1265 4310 alias
1296 4254 1413 4331 postea

302 4351 416 4432 gentes
448 4346 635 4412 affecerunt.
679 4347 815 4415 Constat
836 4346 936 4429 enim,
958 4354 1121 4433 cumpost
1148 4346 1291 4413 (iodrum
1309 4347 1413 4413 Athe-

302 4450 353 4512 nis
372 4450 504 4534 regnari
532 4447 728 4532 noluissent,
753 4447 892 4514 Neleum
912 4446 1177 4537 Androclumque
1205 4449 1303 4537 hujus
1323 4448 1412 4517 filios
