3167 5192
1224 505 1270 568 57.
1331 547 1340 558 .

154 677 227 761 alii,
244 697 328 764 quos
344 673 494 742 Eudocia
516 672 664 758 secutur
684 673 720 738 in
735 671 867 742 Vicleto
882 673 972 759 (pag.
985 673 1085 758 11191.
1129 673 1197 743 Sed
1209 697 1269 746 van

153 782 283 849 simunt
295 778 434 847 mirifice
447 775 581 846 fatuae
594 776 631 870 iu
645 774 703 846 illo
718 773 869 842 Cretensi
885 773 997 842 labore
1012 776 1266 866 celebraudc*);

155 891 188 947 et
209 906 252 952 ne
274 881 358 950 illud
378 904 399 946 a
412 881 532 948 Nonne
553 878 727 949 confictum
748 877 938 962 credamus,
957 879 1109 966 probibet
1130 879 1270 952 alterius

153 993 273 1072 possm
299 1006 447 1068 carmen,
472 983 561 1072 quod
587 1003 654 1048 non
682 981 789 1054 solum
808 983 925 1048 miram
951 981 1038 1048 illius
1060 983 1147 1080 tauri
1168 985 1266 1071 crigi-

153 1111 232 1161 nem
256 1110 373 1154 verum
402 1088 502 1156 etiam
521 1086 719 1153 occisionem
745 1083 789 1150 ab
810 1085 954 1153 Hercule
972 1093 1191 1174 perpetratam
1215 1109 1265 1154 ee·

153 1190 273 1257 lebrat.
326 1191 379 1257 Ita
409 1191 496 1257 enim
526 1188 742 1258 Nemesianus
754 1187 805 1274 **)
842 1189 877 1254 in
913 1187 1082 1256 Laudibus
1113 1189 1267 1258 Herculis
1385 1273 1390 1286 Ι

144 1296 219 1381 (vs.
243 1295 306 1359 118
325 1292 430 1381 sqq.):
1156 1303 1158 1308 “

193 1395 331 1480 „Fama
349 1394 441 1462 celer
457 1402 528 1462 tato
548 1395 707 1462 victorem
724 1401 891 1481 sparserat
912 1392 1001 1480 orbe,
1096 1473 1100 1481 ι
1182 1383 1193 1410 ”

194 1497 433 1585 Auxiliumque
453 1496 521 1562 Dei
541 1495 699 1583 poscebat
720 1495 820 1564 Creta
840 1504 974 1562 cruento

156 1673 160 1681 ,
194 1601 295 1667 Victa
317 1599 414 1666 malo.
462 1603 699 1669 Tamassos
718 1620 790 1667 acm
810 1603 909 1666 sidere
929 1604 1035 1677 Lunae

193 1703 394 1788 Progenitua
415 1702 557 1771 Dictaea
575 1702 670 1771 Jovis
691 1703 884 1790 possederat
904 1707 1017 1770 arva.“
1259 1762 1261 1770 ,

241 1804 397 1892 Sequitur
409 1806 544 1892 copiosa
557 1806 734 1893 descriptio
744 1805 889 1890 bennae,
896 1827 993 1894 quam
1006 1809 1176 1896 excipiunt
1186 1811 1268 1878 haec

154 1918 306 1981 extrema
326 1909 480 1981 carinium
501 1908 557 1974 vel
576 1908 754 1994 fragmenti
778 1909 887 1996 pob‘us
909 1909 973 1998 (vs.
998 1914 1058 1978 133
1079 1912 1180 2001 seqt):
1255 1913 1259 1920 ⁴

192 2011 374 2097 „Tandem
395 2012 485 2079 fama
505 2011 593 2078 celer
608 2011 749 2078 Dictaea
764 2011 810 2081 ad
827 2011 924 2080 litora
940 2035 1095 2100 magnum
1193 2055 1197 2063 ·

193 2116 351 2184 Duxerat
370 2115 513 2182 Alciden
529 2136 604 2182 cum
623 2123 754 2183 taurum
772 2114 846 2182 dira
865 2117 1042 2184 minantem

195 2220 349 2306 Excipit,
373 2226 406 2289 et
422 2241 562 2286 saevum
582 2241 701 2302 cornu,
727 2217 875 2284 dammas
895 2228 1080 2302 moventem

195 2323 361 2410 Corripit,
380 2330 480 2409 atque
501 2330 593 2388 artus
612 2316 837 2408 constringere
855 2320 994 2387 fortibus
1014 2322 1100 2388 ulnis

109 2435 121 2463 ⁰
195 2425 360 2512 Igniduos
379 2425 492 2509 flatus,
514 2432 704 2507 samumque
724 2432 756 2492 ἐκ
775 2428 899 2506 pectere
917 2429 1061 2492 elasam
1172 2465 1179 2478 ι

153 2529 257 2596 Hune
279 2529 383 2614 igitur
404 2529 435 2594 si
455 2528 643 2613 audiamus,
669 2549 737 2594 non
766 2527 938 2614 subegisse
964 2527 1057 2596 illum
1076 2537 1206 2596 taurum
1228 2527 1310 2597 ac*

152 2631 413 2698 mansuefecisse
432 2631 591 2698 dicendus
613 2638 664 2698 est
683 2631 860 2716 Hercules,
878 2631 937 2698 sed
950 2632 1148 2716 confecisse,
1170 2633 1285 2716 sulio-¹

152 2757 259 2803 casse.
303 2731 417 2800 Alium
440 2735 541 2802 etiam
567 2743 674 2800 ortum
703 2735 810 2801 eidem
837 2743 931 2801 tauro
961 2735 1109 2802 attribuit
1129 2736 1267 2802 Lactan-

150 2838 217 2906 tius
239 2837 285 2904 ad
312 2836 410 2903 Statii
430 2837 632 2904 Thebaidem
653 2837 708 2926 (V.
725 2861 777 2904 vs.
798 2840 887 2927 431.)
915 2861 1053 2927 eumque
1073 2848 1111 2904 ut
1136 2839 1172 2904 in
1193 2839 1269 2906 aliis

150 2941 264 3006 multis
294 2939 342 3004 ita
368 2939 404 3004 in
431 2939 495 3005 bac
514 2963 643 3029 quoque
670 2940 785 3006 fabula
804 2941 965 3008 tradenda
987 2949 1116 3008 secutus
1131 2943 1269 3030 ‘Mytho·,
1310 3005 1313 3010 .

151 3041 301 3130 graphas
315 3042 495 3109 Vaticanus
515 3043 732 3131 primus***),
753 3045 901 3134 quirem
922 3045 970 3110 sic
992 3044 1108 3112 refert:
1129 3046 1266 3132 „Minos

87 3218 88 3227 ἵ
151 3149 238 3210 locis
265 3145 353 3213 filius
382 3141 424 3212 et¹
442 3146 610 3234 Europae,
638 3155 818 3234 compatri
836 3147 1074 3222 sacrificaturus
1096 3149 1267 3216 accederet

152 3248 196 3314 ad
216 3271 311 3333 aras,
333 3248 439 3326 oravit
458 3252 637 3337 potentiam
658 3252 800 3317 numinis
822 3259 859 3317 ut
882 3251 1015 3336 dignam
1037 3252 1102 3318 aris
1124 3252 1192 3320 suis
1209 3252 1265 3318 be
1377 3247 1380 3250 ’

152 3353 251 3417 stiam
271 3352 456 3438 praeberet.
499 3353 615 3442 Itaque
633 3352 741 3419 subito
761 3362 876 3419 taurus
900 3355 1051 3442 apparuit
1068 3355 1168 3420 nimio
1191 3376 1265 3426 can·

152 3456 233 3522 dore
254 3455 427 3544 perfusus3
453 3478 549 3544 quem
577 3457 755 3522 admiratus
782 3457 906 3541 Minos,
940 3457 1108 3542 religionis
1136 3457 1265 3544 oblitus,

152 3560 296 3625 armenti
316 3561 367 3624 sui
387 3560 502 3625 maluit
518 3583 596 3626 esse
619 3561 803 3646 duetorem,
831 3567 922 3642 cujus
942 3569 1031 3628 ctiam
1046 3565 1153 3627 'amore
1173 3551 1266 3626 Pasi-

87 3722 88 3727 ,
151 3669 238 3744 phoa
249 3667 358 3742 [mur
379 3671 499 3732 arsisse.
542 3664 649 3752 Igitur
671 3674 874 3754 contemptus
897 3689 917 3730 a
935 3665 1003 3732 filio
1025 3665 1192 3756 luppiter,
1218 3665 1265 3732 in·

223 3875 250 3943 *)
274 3877 320 3928 De
347 3891 402 3942 qua
419 3878 555 3930 varietate
575 3882 739 3930 monuerunt
755 3879 921 3934 Menckerus
940 3879 976 3930 ad
994 3879 1099 3947 Hygini
1116 3879 1191 3932 locos
1208 3877 1266 3932 lau·

152 3962 247 4027 datos,
270 3963 470 4030 Wesselingius
493 3965 529 4016 ad
549 3966 664 4021 Diodor.
683 3966 703 4018 1.
723 3967 753 4031 1.,
776 3966 909 4020 Meniriac
926 3965 961 4028 ad
978 3965 1072 4018 Ovidii
1087 3966 1219 4021 Heroidd.
1237 3981 1264 4032 p.

152 4051 201 4104 341
220 4066 279 4117 seq.
300 4056 328 4103 et
345 4053 470 4119 Heynius
493 4054 530 4104 ad
546 4054 706 4120 Apollodori
721 4055 751 4107 11.
769 4055 799 4104 ll.

223 4138 268 4206 **)
287 4141 321 4193 In
339 4140 517 4194 Wernsdorlii
532 4145 612 4195 Petit.
627 4144 720 4196 Latin.
738 4143 837 4197 Minor.
856 4141 918 4195 Vol.
938 4142 962 4194 I.
986 4157 1013 4208 p.
1032 4140 1199 4204 rol-293„
1218 4141 1266 4206 qui

152 4229 287 4295 interpres
304 4227 341 4280 ad
358 4245 419 4280 eum
435 4229 524 4282 locum
543 4231 725 4284 consulendus
742 4237 794 4285 est.

223 4316 285 4384 ***)
299 4314 367 4368 cum
376 4317 439 4368 aliis
450 4319 655 4386 mytbograpbis
665 4335 751 4384 nuper
768 4319 797 4370 in
813 4317 902 4370 lucem
919 4317 1008 4370 editus
1027 4317 1062 4368 ab
1073 4314 1178 4383 Angelo
1190 4315 1266 4368 Maio

154 4406 183 4454 in
204 4405 389 4457 classicorum
410 4405 560 4467 ductorum
579 4422 596 4462 e
616 4407 758 4467 Vaticanis
783 4406 925 4484 codicibus
946 4405 1079 4460 editorum
1101 4406 1187 4459 Temo
1210 4404 1263 4466 ΠΙ,

156 4505 218 4565 cap.
237 4493 280 4543 47.
295 4508 323 4565 p.
343 4491 387 4551 20.
