3167 5192
1123 467 1301 546 “101

182 646 360 713 Romanas
381 666 443 712 nee
460 646 652 764 prudentior
675 663 829 733 nmquam
850 668 911 713 nec
932 646 1103 715 humanior
1124 648 1203 728 fuit,
1233 649 1301 735 qui-

182 770 251 835 que
277 748 338 813 et
326 769 400 835 1pse
417 748 455 813 in
469 748 513 813 iis
534 746 633 814 debet
651 746 777 830 haberi,
797 746 838 813 de
860 750 978 837 quibus
997 758 1109 836 poeta:

356 888 399 901 -
418 888 461 903 -
482 856 536 917 teti
553 872 616 931 eor,
632 858 755 917 senate
770 855 919 933 Mitteret,

358 958 477 1033 Acrius
495 966 525 1019 et
545 969 648 1020 mutes
659 960 816 1029 Maereat
830 965 934 1036 ρειιιιι
955 957 1098 1019 Athenae.

180 1054 391 1121 Retinebant
418 1064 527 1123 autem
554 1055 656 1121 'lhrllii
682 1077 811 1143 quoqne
838 1063 944 1121 aetate
965 1054 1183 1134 Athenienses
1210 1076 1302 1140 prse-

180 1158 313 1225 clatam
333 1158 466 1226 laudem
482 1160 668 1242 ιιιιιιὶιιιιὶι,
687 1166 724 1225 ut
741 1180 780 1224 eo
790 1159 906 1247 judice
928 1158 1140 1225 eruditissimi
1154 1157 1303 1224 homines

181 1260 331 1327 Asiatici
351 1284 374 1325 a
393 1263 510 1349 quovis
526 1260 722 1342 Atheniensi
743 1262 875 1329 indocto
897 1284 964 1327 non
989 1260 1116 1345 verbis,
1141 1261 1199 1327 sed
1222 1282 1303 1327 sono
1357 1312 1362 1327 ,

180 1364 298 1447 vocis,
331 1385 394 1428 nec
419 1372 487 1429 tam
512 1361 613 1446 bene,
644 1386 743 1451 quam
769 1364 914 1430 suaviter
932 1362 1094 1449 loquendo
1112 1364 1302 1431 viderentur

180 1486 348 1553 superam.

274 1567 514 1654 Irnperatomm
534 1587 663 1655 qnoque
683 1567 904 1633 Romanorum
925 1576 963 1632 ut
984 1568 1121 1655 quisque
1139 1566 1304 1633 humanis-

183 1671 293 1738 simus
311 1668 385 1752 fuit,
405 1667 453 1733 ita
474 1668 544 1734 lere
564 1668 657 1735 illam
677 1668 793 1735 urbem
816 1663 1045 1735 liberalissime
1067 1668 1192 1734 habuit.
1234 1667 1303 1733 Ha·

182 1772 343 1837 driannm
369 1779 498 1837 constat
522 1793 595 1836 cam
622 1772 823 1855 restituisse,
850 1793 1027 1837 exornasse
1052 1772 1239 1860 gymnasio,
1270 1781 1304 1837 et

182 1872 391 1967 bibliothect
413 1875 624 1959 instruxisse,
646 1872 849 1939 exhilarasse
872 1874 971 1939 etiam
992 1873 1130 1939 Periclis
1153 1873 1304 1961 exemplo
1337 1912 1340 1917 ·

183 1976 363 2063 Dionysiis
393 1975 599 2042 celebrandis
627 1976 828 2064 edendisque
858 1975 1033 2062 agonibus,
1058 1986 1096 2041 ut
1124 1976 1191 2041 alia
1210 1997 1302 2063 prae·

184 2090 324 2145 teream.
371 2076 528 2165 Idemque
552 2075 644 2143 urbis
665 2085 793 2165 partem
820 2078 861 2143 dc
883 2100 942 2143 suo
963 2078 1094 2143 nomine
1118 2077 1303 2143 Hadriano·

185 2180 290 2269 polim
307 2180 420 2248 vocari
440 2177 554 2245 uoluit.
588 2178 671 2244 Tam
692 2182 827 2267 egregia
848 2177 986 2245 consilia
1006 2180 1151 2245 imitatus
1172 2188 1222 2245 est
1235 2180 1302 2245 An-

185 2285 322 2349 toninus
338 2282 428 2347 Pius.
457 2280 571 2346 Marco
588 2282 672 2347 'tero
691 2280 828 2347 Aurelio
841 2281 1041 2367 Imperatore
1061 2290 1130 2347 tum
1153 2280 1303 2369 eloquen·

185 2387 255 2451 tiae
276 2406 357 2450 snae
382 2384 615 2471 doctrinaeque
644 2382 717 2449 lucc
745 2404 817 2448 eam
839 2381 1056 2467 collustravit,
1084 2392 1154 2449 tum
1171 2386 1302 2455 edis-‚ex

186 2488 308 2577 opibus
329 2484 559 2552 liberalissime
578 2486 742 2551 recreavit
762 2484 913 2551 Herodes
935 2484 991 2551 ille
1013 2487 1154 2553 Atticus.
1186 2487 1302 2575 Neque

156 2606 210 2653 ·a
233 2590 345 2679 patria
363 2588 486 2654 virtute
509 2587 701 2654 defecemnt
720 2586 887 2673 Athenae,
919 2597 1093 2679 postquam
1116 2590 1302 2657 Christiana
1327 2610 1332 2619 ¹

188 2712 285 2757 sacra
304 2689 476 2779 amplexae
498 2699 608 2774 erant,
637 2688 862 2779 singularique
880 2696 1003 2779 pietate
1025 2692 1301 2760 commendabiles

187 2794 364 2879 insigniter
377 2789 558 2857 floruerunt
579 2798 613 2857 et
625 2792 810 2874 constitutis
828 2793 1063 2881 Imperatorum
1078 2796 1303 2862 munificentit

187 2876 437 2983 disciplinarum
464 2893 629 2961 cathedris
655 2902 687 2960 et
713 2894 802 2961 haud
824 2898 946 2983 exigna
968 2898 1154 2965 docentium
1176 2898 1301 2965 discen

187 2998 336 3085 tinmqne
358 2996 553 3084 frequentia.

271 3098 380 3183 Nunc,
399 3098 530 3192 quando
552 3098 598 3165 sd
616 3067 774 3166 orationis
796 3100 977 3167 clausulam
998 3110 1133 3167 venhnn
1154 3110 1212 3185 est,
1233 3103 1302 3167 Au·

190 3204 323 3293 ditores,
342 3202 400 3269 ubi
422 3224 470 3285 ea,
493 3222 576 3289 quae
598 3202 750 3289 exposita
767 3212 853 3287 sunt,
876 3226 940 3293 quo
958 3204 1081 3269 altius
1071 3226 1107 3269 m
1117 3205 1209 3271 eudr
1195 3213 1302 3273 torum

114 3332 118 3335 ·
171 3306 347 3372 *memorii
371 3303 566 3390 infigantur,
594 3302 739 3371 breviter
767 3328 807 3371 ac
833 3309 1017 3373 summatim
1045 3304 1158 3391 colligi
1186 3305 1301 3391 solent,

187 3408 341 3499 equidem
361 3407 425 3473 hoc
445 3404 561 3471 melius
580 3405 690 3473 faeere
711 3430 847 3497 nequeo,
868 3432 966 3498 quam
985 3408 1097 3477 verbis
1120 3407 1301 3487 unius‘elo·

89 3504 93 3512 ’
188 3510 397 3600 quentissimi
420 3508 564 3575 omnium
583 3508 813 3595 Romanunm,
838 3510 1018 3579 Ciceronis.
1063 3511 1116 3575 Ite
1137 3510 1223 3575 enim
1246 3508 1303 3575 ille

186 3614 221 3678 in
242 3612 391 3679 menone
412 3634 471 3699 pro
492 3609 532 3676 L.
555 3610 692 3679 Flacco:
712 3614 866 3698 „Adsunt
886 3614 1114 3698 Athenienses,
1135 3612 1223 3679 unde
1244 3612 1301 3677 hu·

187 3714 340 3798 munitas,
362 3714 519 3796 doctrina,
539 3712 668 3799 religio,
689 3715 812 3803 fruges,
827 3718 914 3805 jura,
937 3718 1029 3805 leges
1049 3725 1139 3783 ortae
1153 3725 1251 3805 atque
1267 3718 1301 3781 in

188 3839 303 3883 omnes
329 3826 435 3881 terras
465 3815 659 3883 distributae
684 3828 856 3905 putantur:
895 3819 936 3885 de
958 3842 1095 3907 quorum
1116 3819 1210 3885 urbis
1228 3840 1302 3907 pos-

187 3920 335 3985 sessione
353 3928 487 4007 propter
507 3918 784 4005 pulchritudinem
808 3924 907 3989 etiam
933 3923 1018 3989 inter
1041 3923 1120 3989 deos
1138 3930 1302 3989 certamen
1407 3976 1414 3985 .

186 4023 293 4091 fnisse
309 4022 474 4108 proditum
496 4030 560 4085 est:
583 4039 667 4108 quae
690 4032 851 4089 vetustate
874 4028 915 4091 et
933 4034 992 4111 est,
1014 4036 1050 4093 ιιι
1071 4026 1144 4112 ipse
1165 4046 1208 4091 ex
1228 4044 1301 4089 sese

189 4146 266 4191 suos
288 4123 378 4191 cives
397 4124 552 4210 genuisse
573 4124 718 4209 dimum,
745 4134 909 4194 eteorum
931 4130 1046 4197 eadem
1064 4139 1153 4195 terra
1173 4136 1302 4213 parens,
1384 4170 1390 4177 -

187 4226 304 4311 dnix,
330 4228 438 4318 petria
457 4226 600 4297 datm:
631 4229 823 4295 annositate
844 4240 954 4299 autem
974 4236 1066 4299 tanta
1085 4240 1149 4314 est,
1177 4238 1215 4295 ut
1229 4228 1301 4315 jam

187 4332 331 4399 fractm
355 4351 458 4419 prope
482 4350 522 4395 ac
543 4328 749 4398 debilitatum
770 4332 930 4403 Graeciae
952 4358 1071 4405 nomen
1091 4333 1147 4419 huj
1150 4352 1189 4401 us
1211 4329 1302 4405 urbis

183 4433 280 4503 laude
301 4434 434 4501 nitatur.
438 4436 458 4472 “
498 4431 592 4500 Haec
610 4432 678 4505 ille.
