3167 5192
230 478 244 555 3
277 442 280 447 ’
308 481 367 549 1so

304 663 436 734 texens,
459 645 627 715 videretur
654 646 718 723 sihi
737 644 879 733 plurima
898 646 1074 733 quaedam,
1107 635 1183 729 sua,
1211 662 1300 710 nova
1321 644 1419 711 hand

304 755 421 820 inscite
444 759 605 832 attexere3
627 749 762 835 jamque
787 768 854 813 non
875 746 1046 813 dubitabat
1066 766 1138 813 sese
1159 746 1421 836 philosophandi

305 854 461 923 facultate
487 849 671 940 praeditum
697 870 781 915 esse.
824 848 906 915 Inde
932 848 1046 933 fiebat,
1072 858 1109 914 ut
1132 848 1247 914 sollers
1264 850 1420 936 juvenis,

306 959 362 1047 qui
383 952 572 1021 inveniendi
590 950 792 1039 voluptatem
805 950 905 1015 semel
921 960 1093 1036 gustasset,
1113 949 1420 1039 philosophicorum

304 1059 437 1126 lectioni
458 1057 615 1122 libromm
635 1074 671 1119 se
692 1054 867 1141 praecipue
888 1052 967 1118 dare
988 1056 1207 1121 constitueret.
1248 1052 1422 1135 Quocirca

305 1163 421 1227 intima
439 1159 621 1228 studiorum
642 1156 798 1221 societate
811 1156 946 1241 junctus
969 1166 1019 1222 est
1042 1162 1209 1235 Mamerco,
1231 1155 1288 1244 qui
1306 1148 1419 1242 ipsius

305 1260 556 1349 condiscipulus,
563 1258 634 1345 jam
649 1266 718 1322 tum
729 1257 968 1347 philosophiam
978 1258 1170 1346 amplexus„
1179 1262 1420 1325 thdmnannum

305 1375 402 1430 antea
422 1382 552 1453 quoque
572 1358 777 1426 voluntatum
795 1359 1007 1425 similitudine
1026 1361 1196 1427 dilexerat.
1233 1360 1317 1447 Ejus
1341 1382 1420 1427 sese

304 1462 370 1534 viri
390 1463 622 1531 consuetudine
641 1461 778 1527 multum
799 1461 947 1551 adjutum
962 1484 1034 1527 esse
1048 1470 1160 1549 gratus
1177 1484 1304 1550 semper
1320 1484 1417 1549 prae·

306 1566 437 1633 dicabat
455 1564 585 1630 Noster.
629 1564 714 1628 Nam
735 1586 810 1629 cum
828 1562 885 1629 ille
906 1564 1024 1629 multos
1043 1563 1144 1629 libros
1166 1564 1310 1650 legisset,
1332 1564 1416 1631 mul·

186 1689 189 1696 ·
303 1679 412 1735 tonum
432 1667 580 1733 notitiam
599 1666 749 1749 haberet,
777 1667 836 1753 qui
862 1666 949 1731 hunc
969 1664 1122 1749 laterent,
1149 1664 1239 1732 illius
1258 1688 1358 1755 saepe
1379 1668 1416 1733 in

305 1771 422 1837 iisdem
449 1768 504 1835 vel
531 1768 732 1852 coemendis,
759 1766 815 1832 vel
842 1766 990 1853 legendis
1018 1768 1209 1833 auctoritate
1240 1790 1320 1833 usus
1351 1777 1413 1835 est.

306 1874 351 1939 Et
364 1880 435 1937 erat
449 1872 569 1937 Brema
584 1892 623 1936 ea
635 1868 724 1954 urbs,
746 1868 1014 1957 quaepraeberet
1028 1871 1300 1957 opportunitatem
1313 1870 1415 1937 lihro·

306 1996 378 2041 rum
397 1973 615 2055 emendorum,
639 1970 758 2059 qushns
775 1979 914 2057 uterque
928 1970 1097 2036 literarum
1115 1974 1208 2059 qnasi
1226 1972 1416 2039 diuturnam

306 2078 393 2143 sitim
413 2074 572 2164 expleret.

391 2176 466 2260 Qua
493 2177 642 2243 lectionis
667 2182 700 2240 et
725 2176 886 2241 varietate
913 2182 945 2238 et
967 2176 1061 2263 copia
1081 2176 1129 2240 sic
1147 2175 1415 2259 institutierant,

305 2290 343 2348 nt
366 2290 482 2346 neuter
507 2279 676 2365 ingenium
704 2278 859 2342 suumin
887 2277 982 2341 unius
1011 2276 1151 2365 alicujus
1178 2280 1314 2343 rationis
1338 2300 1414 2343 can-
1497 2362 1498 2369 ἵ

224 2378 230 2395 “
305 2384 406 2451 cellas
433 2383 598 2470 compingi
625 2389 805 2469 pateretur,
834 2388 891 2445 aut
918 2380 1004 2445 circa
1029 2364 1213 2466 compendii
1243 2382 1415 2466 angustias
1477 2392 1480 2404 '

304 2484 499 2572 trepidaret,
521 2484 594 2567 sed,
617 2491 772 2570 quantum
795 2481 865 2567 ejus
887 2481 1019 2569 quidem
1037 2476 1163 2567 posset,
1184 2481 1287 2547 libere
1307 2480 1414 2569 philo·

306 2586 508 2675 sopharetur.
558 2585 599 2648 ln
628 2582 780 2647 manibus
811 2604 871 2669 per
905 2582 940 2647 id
969 2592 1097 2671 tempus
1135 2592 1227 2647 erant
1263 2570 1415 2667 carreni,

306 2689 440 2770 Lockii,
460 2684 620 2770 Helvetii,
642 2684 870 2749 Mallebrancii
895 2686 1024 2771 scripta,
1045 2706 1128 2773 quae
1149 2685 1267 2751 Noster
1287 2684 1415 2751 intento
1440 2671 1445 2681 ’

307 2792 350 2857 ad
375 2787 614 2878 philosophiam
638 2788 746 2851 animo
770 2786 915 2872 quotidie
941 2785 1080 2872 legebat.
1124 2789 1170 2853 At
1188 2807 1285 2872 vero,
1313 2808 1416 2875 quum

306 2895 383 2961 inde
416 2893 628 2981 plurimarum
661 2910 771 2953 rarum
808 2890 1027 2975 cognitionem
1065 2891 1279 2977 percepisset:
1320 2888 1415 2955 rudis

306 3008 415 3083 tamen
436 2994 542 3059 adhuc
563 3000 634 3056 erat
656 2990 894 3076 ejuratione,
917 3012 1000 3078 quae
1019 2991 1090 3057 sola
1110 2991 1335 3079 philosophiae
1355 3013 1415 3057 no·

306 3102 394 3165 mine
422 3098 523 3183 digna
547 3104 580 3159 et
601 3101 650 3158 est
669 3102 701 3157 et
717 3114 790 3158 esse
806 3094 990 3180 judicatum
1021 3094 1093 3159 dico
1116 3094 1319 3180 singularum
1341 3116 1415 3159 sen-

306 3202 480 3268 tentiarum
507 3218 550 3263 ex
581 3216 648 3261 una
670 3194 781 3283 aliqua
808 3197 914 3283 prima
940 3218 1128 3285 summaque
1161 3194 1417 3284 repetendarum

306 3312 340 3368 et
364 3298 424 3366 sub
449 3320 515 3365 uno
536 3295 658 3364 'mentis
686 3299 778 3385 quasi
806 3297 920 3363 obtutu
942 3298 1208 3385 colligendorum.
1253 3297 1339 3363 Satis
1358 3300 1415 3365 ha·

305 3403 405 3469 behet
426 3402 555 3489 singula
573 3423 749 3487 cognosse,
771 3423 945 3489 eorumque
966 3411 1003 3467 ut
1023 3422 1170 3491 quaeque
1187 3402 1330 3467 maxime
1345 3402 1415 3489 pla

307 3508 458 3590 coissent,
477 3507 525 3569 ita
544 3504 733 3569 fidelissime
753 3505 929 3569 memoriae
948 3506 1131 3571 mandasse.
1171 3502 1263 3585 Quae
1282 3504 1415 3591 perver·
1496 3516 1497 3531 ¹

307 3611 386 3679 sitas
405 3607 677 3696 quemadmodum
697 3607 911 3672 indoctiorem
933 3608 1093 3672 novitium
1113 3607 1239 3693 arguit:
1264 3608 1311 3673 sic
1332 3606 1416 3674 haec

274 3772 282 3783 .
307 3707 410 3777 altera
437 3710 652 3793 consuetudo,
681 3730 745 3796 qua
772 3730 809 3773 se
833 3716 911 3775 tunc
928 3730 1024 3774 usum
1041 3729 1113 3772 esse
1133 3708 1251 3773 deinde
1274 3707 1415 3792 dicebat,

307 3812 470 3879 hominem
500 3814 551 3878 sui
577 3814 703 3898 ingenii
732 3833 838 3898 neque
863 3810 994 3877 aliunde
1014 3810 1203 3897 pendentis,
1232 3812 1352 3899 quique
1372 3812 1416 3877 ad

303 3914 485 4002 juvandam
511 3914 750 4002 philosophiam
777 3921 873 3978 natus
900 3920 997 3978 esset.
1041 3912 1093 3977 Ita
1125 3914 1211 3978 enim
1244 3914 1415 3979 narrabat:
1494 3964 1496 3969 ,

187 4098 190 4106 Α
307 4034 373 4084 nun
388 4027 446 4083 eos
469 4012 532 4082 sibi
553 4016 706 4105 probatos
728 4038 800 4082 esse
823 4018 1014 4105 scriptores,
1044 4016 1100 4103 qui
1118 4036 1247 4081 omnem
1267 4018 1416 4103 proposi·

307 4131 360 4187 tae
382 4120 581 4209 quaestionis
602 4121 771 4185 materiam
791 4118 982 4186 disserendo
1002 4116 1175 4185 absolvere
1196 4108 1415 4203 instituerent,

308 4233 341 4290 et
365 4222 458 4289 velut
477 4222 557 4288 'cum
582 4221 767 4309 puluisculo
796 4223 985 4288 exhaurire:
1017 4218 1077 4285 sed
1098 4241 1181 4305 eos⁷¹
1197 4220 1254 4307 qui
1275 4218 1423 4306 legentis*

308 4328 451 4413 animum
475 4344 668 4413 suspensum
688 4333 845 4408 tenentes,
869 4345 955 4389 nova
975 4321 1135 4411 quaedam
1156 4323 1367 4409 excogitandi
1384 4333 1416 4391 et

169 4430 171 4438 ’
224 4441 226 4444 ’
309 4430 519 4517 cupiditatem
541 4427 605 4493 sihi
623 4427 806 4515 injecerint,
830 4434 862 4491 et
882 4427 1051 4491 materiam
1070 4424 1317 4527 suppeditarim.
