3167 5192
1212 477 1357 588 dl¹

144 663 231 736 qnae
261 647 508 727 vel-mollioris
536 650 718 738 cujusdem
734 651 836 719 animi
855 651 1146 739 ¹rideri..quessut,¹
1160 644 1259 715 *velut
1286 652 1293 666 '

145 763 428 849 cummanere
441 754 609 839 gemitumr
619 753 717 824 odere
736 753 857 824 dieitur
874 751 1014 826 similem
1036 748 1258 835 mamb-‘f

234 852 348 939 cujas·
365 854 500 941 quiden
526 871 642 950 88888)
665 871 743 925 ean
763 877 784 925 e
805 853 1049 928 8818888888
1063 874 1167 948 genus
1188 851 1257 922 bet

144 953 277 1021 lunum
297 956 703 1043 18888881188888188,ἶ
727 968 764 1026 ut
785 957 885 1029 enen
901 955 944 1027 81)
963 955 1257 1039 1888181888

145 1053 648 1144 praesensere-videremque
670 1060 806 1128 defuere
819 1057 1152 1144 solertieraingeuie,
1173 1077 1256 1143 quse

144 1156 233 1228 1888
247 1176 324 1231 rous
341 1160 396 1226 ad·
409 1158 576 1234 iict'onum
595 1159 704 1235 18888)
725 1163 944 1234 sessorem
1004 1199 1009 1211 ·
1034 1214 1038 1226 .
1126 1183 1143 1235 .·

231 1261 317 1331 Inde
343 1261 439 1352 quod:
451 1261 575 1338 8811888
593 1264 636 1331 sd
658 1289 728 1332 rem
748 1265 915 1335 homiuum
928 1264 1089 1364 indigens
1107 1261 1256 1337 omnibus
1324 1279 1332 1292 ·

147 1362 331 1450 benignum
345 1373 433 1434 88881
447 1363 636 1450 animal**),
657 1367 693 1434 id
711 1365 887 1454 praecipuo
900 1357 1043 1459 quodum
1054 1387 1164 1496 amors
1176 1375 1257 1446 pst·

144 1474 191 1530 tar
211 1465 353 1552 diligere
373 1466 608 1538 8881818181.
723 1515 726 1529 .
811 1519 814 1527 .

230 1569 272 1634 18
304 1589 367 1656 quo
398 1588 519 1652 genere
543 1567 605 1633 hoe
632 1577 696 1652 est,
725 1569 817 1658 quod
835 1519 1050 1657 Hesiodiuu
1080 1506 1257 1649 88111881

144 1669 243 1758 culpa
265 1693 325 1758 per
344 1671 493 1735 sinistras
512 1673 712 1758 suspiciones
736 1693 778 1736 ex
799 1673 927 1737 insidiis
948 1671 1127 1736 trucidati
1118 1695 1153 1735 m
1168 1693 1257 1734 mare

145 1771 338 1860 devolutum
362 1772 506 1841 881888)
532 1774 700 1860 excipiens
720 1759 951 1862 delphinorum
971 1795 1055 1858 grex
1074 1774 1119 1839 ad
1136 1773 1258 1847 Rhium
1301 1805 1304 1811 ·

144 1873 297 1940 Aetoliae
317 1875 574 1962 promontorium
596 1883 628 1940 et
645 1877 839 1965 Molycriam
860 1876 1049 1963 deportasse
1068 1876 1155 1940 fama
1176 1885 1256 1940 erat.

231 1975 340 2067 Quam
361 1977 504 2043 belluam
524 1981 642 2044 mirum
663 1989 797 2045 nonest
815 1987 985 2066 poetamm
1005 1979 1144 2043 antistiti
1158 1977 1257 2065 Apol-

145 2077 204 2144 lini
226 2070 362 2182 dignam
382 2081 488 2145 visam
509 2080 627 2168 fuisse,
655 2103 738 2168 quae
759 2103 839 2168 prae
861 2084 978 2146 ceteris
999 2087 1170 2147 ornaretur
1190 2101 1256 2145 ma-

144 2183 245 2253 xime.
279 2156 477 2268 Nobilitate
501 2186 607 2275 erat
597 2208 632 2278 ip
652 2183 858 2276 Delphorum
883 2182 1108 2268 originibus
1088 2184 1157 2268 „de
1179 2183 1255 2249 Cre-

144 2287 294 2351 tensibus
325 2283 456 2370 fabula,
495 2286 549 2354 81)
569 2287 722 2377 Apolline
754 2289 817 2357 sub
849 2293 985 2370 (18181181
1012 2291 1116 2364 [orme
1146 2294 1257 2353 1818818

144 2388 294 2476 Delphos
321 2389 365 2453 ad
391 2410 556 2456 sacrorum
583 2392 800 2457 ministerium
822 2391 977 2474 devectis,
984 2394 1004 2429 “
1024 2411 1122 2478 quam
1144 2390 1201 2507 qui
1221 2390 1256 2454 in
1357 2407 1361 2416 ’

144 2489 331 2556 Homericis
352 2491 503 2578 legitur
493 2516 528 2558 m
549 2493 737 2582 Apollinem
753 2495 908 2584 Pythium
929 2494 1069 2582 hymnus
1090 2494 1182 2558 miris
1203 2513 1255 2558 co·
1307 2499 1310 2505 '

145 2593 269 2660 loribus
292 2595 398 2660 variat
417 2603 449 2660 et
470 2597 619 2685 ornat†).

213 2806 242 2872 *)
262 2805 344 2858 Setini
358 2807 510 2874 Polplntm.

214 2893 259 2962 **)
277 2894 416 2946 Plutarch.
440 2895 473 2948 de
496 2895 595 2948 Solent.
614 2894 722 2946 animal.
738 2897 808 2964 Peg.
826 2895 887 2946 984.
907 2892 961 2958 (ed.
976 2892 1039 2959 xyl.
1057 2895 1106 2946 ubi
1123 2897 1175 2947 hoc
1191 2913 1257 2964 quo-

146 2999 209 3050 qne:
234 2983 331 3049 „quod
356 2985 452 3050 optimi
472 2985 613 3050 requirant
633 2982 801 3050 philosophi:
826 2973 858 3032 τὸ
882 2980 978 3046 φιλεῖν
1001 2969 1071 3031 ἄνευ
1093 2979 1203 3047 χρείας,
1227 2983 1257 3034 id

145 3071 207 3124 huie
226 3071 280 3122 soli
298 3071 410 3130 animali
429 3073 562 3122 Naturam
580 3070 743 3122 indidisse.“

213 3158 276 3226 ***)
301 3157 442 3210 Plutarch.
466 3157 542 3224 Sept.
567 3157 689 3226 sapient.
709 3157 823 3210 Conviv.
842 3156 911 3221 Peg.
934 3153 1185 3220 162.1).xy1and.

213 3248 246 3316 †)
266 3263 338 3300 vers.
357 3247 410 3299 400
427 3261 486 3313 sqq.
506 3236 536 3296 ἐν
555 3237 650 3314 πόντῳ
670 3235 700 3294 δ’
720 3235 855 3310 insipere,
874 3235 961 3308 δέμας
978 3239 1092 3307 δελφῖνι
1110 3231 1208 3300 ἐοικώς

173 3373 176 3380 .
278 3384 280 3390 ,
318 3329 380 3398 Νη1
397 3331 471 3401 θοῇ,
491 3328 540 3383 scd
555 3333 632 3383 urire
650 3325 742 3399 πέλωρ
757 3325 828 3398 μέγα
847 3321 992 3380 arderado
1009 3343 1039 3379 rr
1054 3345 1081 3379 κ.
1100 3345 1125 3378 r.
1144 3329 1169 3380 1.

145 3423 270 3490 Augusto
289 3420 430 3486 Matthiae,
460 3421 578 3489 eleganti
591 3422 696 3474 -horum
713 3422 874 3488 hymnorum
891 3418 1033 3486 interpreti
1056 3422 1142 3482 „orta
1162 3418 1257 3470 fabula

146 3512 255 3562 videtur
274 3525 307 3560 ex
323 3509 475 3561 rationibus
496 3493 701 3576 etymologiam,
725 3513 756 3560 ut
778 3507 970 3575 appellationis
988 3506 1122 3573 Apollinis
1144 3506 1259 3570 Delphici

145 3604 170 3649 et
188 3597 307 3649 nominis
319 3595 480 3664 Delphorum,
498 3595 618 3661 Pythoni
636 3597 696 3648 urbi
713 3598 795 3648 inditi
811 3596 882 3646 ratio
899 3595 1086 3658 redderetur,“
1102 3595 1256 3660 Prolegom.

145 3688 212 3754 Pag.
230 3685 273 3737 33.
287 3711 322 3721 -
341 3683 420 3748 Quod
437 3683 590 3749 mythorum
608 3699 693 3750 genus
711 3687 742 3733 nt
754 3685 889 3734 neminem
907 3683 978 3749 fugit
990 3681 1179 3748 pervulgatum
1196 3698 1257 3733 ease

145 3773 217 3841 apud
234 3774 369 3835 Graecos,
392 3771 537 3837 praecipue
555 3771 584 3820 in
607 3769 768 3838 populorum
786 3771 951 3838 originibus,
971 3769 1086 3821 docente
1102 3770 1202 3836 Hepaio
1221 3769 1257 3820 ad

145 3859 302 3929 Apollodor.
331 3857 461 3910 Biblioth.
485 3857 553 3923 Pag.
578 3857 630 3909 204
654 3863 681 3920 pt
699 3859 748 3908 771
767 3873 838 3924 seq:
864 3859 905 3909 ita
920 3856 973 3908 hac
990 3856 1099 3923 quidem
1116 3857 1145 3907 in
1163 3855 1257 3910 fabula

146 3949 199 3999 alia
217 3961 317 4000 caussa
335 3945 447 3996 subesse
465 3943 555 4009 potuit
573 3959 606 3996 ex
629 3945 691 4011 ipsa
707 3944 837 4010 Delphini
854 3944 945 3996 indole
962 3943 1092 4010 repetita,
1110 3947 1143 3993 81
1157 3948 1256 3994 cantus

146 4035 321 4100 musicaeque
339 4031 491 4084 studiosum
509 4032 609 4084 animal
627 4032 723 4084 harum
740 4033 840 4083 artium
859 4033 996 4084 inventori
1013 4037 1042 4083 et
1059 4031 1178 4096 praesidi
1194 4032 1256 4083 Deo

146 4122 172 4172 in
190 4121 298 4172 deliciis
321 4135 382 4171 esse
405 4119 573 4182 crederetur3
598 4119 671 4186 quod
694 4121 784 4186 ipsum
806 4119 959 4174 1181888188
986 4119 1075 4170 innuit
1100 4118 1134 4168 de
1156 4117 1254 4169 Solort.

148 4208 303 4260 animalium
317 4205 397 4260 Tem.
417 4207 456 4260 Π.
474 4209 542 4274 Peg.
560 4207 621 4260 984.
640 4209 688 4273 B.,
710 4209 756 4274 qui
774 4211 919 4274 postquam
937 4206 1008 4258 hano
1024 4205 1146 4257 fabulam
1162 4221 1255 4255 narra-

148 4299 186 4348 vit
202 4297 255 4348 hoc
273 4295 363 4346 addit:
387 4277 588 4360 81811881νῦ8
608 4283 647 4361 ἦν
669 4291 718 4344 sul
736 4285 768 4345 τὰ
792 4285 953 4360 φιλόμυθον
974 4284 1143 4359 (1888818811
1162 4289 1256 4357 cepte

148 4376 196 4433 τὸν
214 4373 297 4434 θεόν.
335 4383 423 4447 Quem
439 4381 529 4434 locum
542 4381 566 4432 81
583 4381 625 4432 vir
643 4381 739 4434 doctus
751 4383 873 4434 curatius
883 4383 1062 4449 inspexisset,
1080 4380 1255 4433 Plutarchum
1368 4407 1370 4412 ·

148 4473 234 4540 ipsum
257 4486 313 4524 non
337 4485 371 4524 88
391 4484 504 4522 narrare
526 4469 651 4534 lecisset,
675 4471 704 4525 in
726 4472 825 4538 quibus
845 4472 870 4525 is
888 4487 906 4522 a
924 4461 1123 4547 μυθογράφων
1143 4469 1197 4522 fide
1211 4471 1258 4528 vel

691 4590 699 4628 r
