3167 5192
320 523 381 586 226

321 690 517 772 reverentia,
540 689 641 774 igitur
661 687 709 755 eis
730 687 829 756 rebus
850 687 1001 756 omnibus
1019 691 1160 776 cognovi
1179 711 1315 777 prorsus
1327 691 1364 754 in
1375 689 1434 754 'l'e
1471 719 1481 732 t

318 793 436 858 cadere
456 791 554 875 illud,
574 792 661 880 quod
682 813 756 858 cum
773 813 853 858 vere
870 800 940 858 tum
959 792 1105 858 breviter
1122 777 1435 880 graviterque'ipse

319 894 478 982 scripsisti
507 894 542 957 in
568 892 647 990 Vita
678 894 922 982 Ruhnkenii‘):
953 895 1033 978 „Ita
1063 896 1150 972 enim
1182 915 1233 978 se,
1263 893 1433 981 profecto,

317 1019 370 1062 res
389 996 497 1079 habet,
517 1004 555 1061 ut
575 1017 653 1062 vere
674 996 789 1064 doctus
804 1005 838 1062 et
857 995 1014 1082 literatus,
1033 997 1099 1062 nisi
1118 998 1170 1064 vir
1188 997 1304 1079 bonus,
1325 1017 1434 1060 nemo

319 1121 392 1164 esse
411 1099 556 1185 possit.“

401 1201 442 1264 In
466 1221 518 1264 me
544 1207 652 1264 autem
678 1201 855 1270 voluntatis
876 1201 968 1268 Tuae
988 1223 1062 1268 cum
1082 1201 1149 1267 ulia
1171 1201 1370 1267 documenta
1392 1202 1434 1264 in

133 1265 141 1280 Ι
213 1324 217 1336 ·
316 1302 480 1390 epistolis,
501 1303 537 1367 in
561 1303 703 1388 schedis,
731 1306 765 1368 in
791 1305 885 1371 libris
906 1306 1027 1389 habeo,
1054 1313 1125 1370 tum
1144 1304 1231 1370 hunc
1253 1305 1365 1390 ipsum
1387 1303 1432 1366 li-

316 1405 454 1490 bellum,
487 1413 598 1470 numm
622 1404 741 1472 bonam
772 1416 898 1494 partem
927 1429 971 1474 ex
1000 1406 1218 1472 Leidensibus
1237 1407 1357 1493 copiis,
1393 1415 1433 1470 et

316 1508 395 1573 Tuis
427 1510 524 1574 etiam
556 1509 836 1594 annotationibus,
874 1509 965 1576 velut
992 1508 1185 1592 luminibus,
1220 1508 1427 1574 distinctum.

315 1609 429 1697 Neque
449 1631 641 1696 procurasse
666 1611 747 1676 haec
768 1610 848 1674 mihi
870 1611 950 1675 satis
977 1610 1121 1676 habuisti
1141 1634 1202 1698 per
1220 1611 1321 1678 alios:
1348 1613 1428 1698 ipse

131 1724 135 1742 ¹
200 1757 203 1768 ·
314 1715 525 1798 comparasti,
553 1735 658 1800 neque
683 1714 719 1776 in
742 1714 823 1777 satis
843 1713 938 1796 gravi
961 1712 1148 1779 infirmitate
1175 1713 1281 1780 oculis
1306 1735 1427 1801 peper-

293 1815 404 1908 cisti,
425 1837 506 1902 quos
525 1824 634 1880 umen
653 1815 748 1880 nobis
768 1815 953 1880 carissimos
968 1835 1040 1880 esse
1059 1825 1178 1881 natura
1194 1816 1309 1884 voluit.
1354 1817 1426 1880 Ita-

313 1937 376 2003 que
403 1919 533 1984 remitto
561 1917 637 1982 Tibi
665 1917 800 2002 librum,
828 1917 895 1984 n'on
921 1939 1029 1984 meum
1056 1920 1161 2005 magis
1182 1941 1281 2006 quam
1302 1918 1425 2002 luum,

313 2016 556 2106 Wyttenbaehi.
600 2020 706 2086 'Itium
726 2020 801 2086 dico
821 2020 961 2086 eundem
980 2028 1154 2108 propterea
1173 2041 1312 2108 quoque,
1332 2023 1425 2109 quod

313 2119 365 2185 Tu
385 2123 531 2188 universi
548 2122 646 2210 hujus
665 2123 792 2189 consilii
806 2125 836 2188 si
848 2125 956 2190 minus
971 2132 1084 2189 auctor
1105 2125 1316 2212 inceptorque
1329 2124 1424 2208 mibi,

311 2244 425 2289 verum
445 2234 556 2292 tamen
575 2247 689 2291 suasor
710 2234 742 2290 ct
765 2225 910 2291 hortator
931 2227 1097 2292 exstitisti.

326 2381 329 2388 .
396 2326 479 2414 Ejus
504 2329 661 2394 sermonis
686 2329 876 2416 priusquam
897 2327 947 2392 'l'e
967 2327 1128 2394 admoneo
1150 2332 1240 2417 (nam
1261 2329 1340 2394 Tibi
1362 2349 1421 2393 ex·

311 2428 391 2494 cidit
417 2429 589 2514 sortasse),
616 2431 880 2518 respondendum
908 2430 1040 2496 videtur
1065 2430 1131 2499 illis
1152 2453 1240 2515 esse,
1256 2432 1328 2518 'qui
1351 2431 1422 2494 tale

310 2531 482 2596 consilium
495 2535 643 2619 praecise
660 2533 912 2618 reprehendunt.
946 2533 1080 2599 Etenim
1095 2535 1211 2600 audire
1229 2534 1310 2600 mihi
1330 2553 1422 2597 nuuc

311 2635 526 2698 cummaxime
540 2635 664 2717 videor,
683 2643 715 2700 et
730 2636 820 2700 audii
837 2637 976 2702 antehac
993 2657 1092 2702 voees
1105 2633 1311 2724 hujusmodi:
1330 2634 1422 2720 „Sed

309 2736 391 2823 quid
412 2736 559 2825 (malum)
581 2746 614 2802 te
636 2739 671 2802 in
689 2737 771 2804 haec
787 2738 885 2804 devia
899 2739 1093 2827 desertaque
1111 2737 1268 2828 compulit
1278 2737 1422 2826 pbiloso-

307 2837 404 2925 phiae
424 2840 674 2927 Aegyptiacae?
695 2840 832 2906 Poteras
855 2841 986 2906 Platoni
1012 2863 1145 2930 operam
1163 2843 1260 2926 dare,
1286 2850 1420 2928 poteras

310 2939 476 3026 Ciceroni,
504 2944 598 3030 cujus
630 2937 749 3010 librum
772 2946 871 3010 otiam
892 2945 1034 3033 aliquem
1053 2946 1216 3011 edendum
1234 2943 1312 3010 'libi
1334 2965 1420 3008 sum·

309 3050 439 3112 seras.“
481 3045 550 3129 Sic,
577 3048 726 3135 inquam,
757 3047 829 3114 fere
856 3047 1078 3116 vociferantia
1103 3049 1160 3112 isti
1186 3048 1420 3115 delicatissime

307 3146 487 3234 fastidiosi,
507 3150 563 3238 qui
583 3151 619 3214 in
640 3151 804 3235 classicis,
825 3173 908 3239 quos
926 3153 1023 3217 unice
1035 3152 1180 3238 jactant,
1202 3149 1418 3236 scriptoribus

306 3271 366 3316 nos
394 3252 528 3316 retineri
554 3253 685 3337 volunt,
725 3255 781 3341 qui
805 3253 1329 3341 Plutarchum‘Porphyriumque
1357 3253 1419 3317 vix

306 3353 458 3420 ferendos
480 3363 604 3442 putant,
625 3356 790 3422 Plotinum
811 3379 945 3444 prorsus
970 3357 1116 3444 ejiciunt,
1137 3355 1180 3420 ad
1200 3356 1418 3442 posteriorum

306 3477 385 3522 vero
397 3457 757 3545 JamblichiProolique
779 3467 813 3523 et
829 3459 985 3524 similium
1005 3459 1202 3524 mentionem
1223 3459 1322 3522 etiam
1339 3479 1418 3522 nau·

306 3567 408 3623 scant.
452 3560 561 3626 Unde.
576 3560 638 3626 hoo
662 3561 705 3626 sit
724 3569 793 3626 tam
819 3562 967 3628 insolens
988 3561 1267 3626 fructuosissimae
1292 3569 1326 3623 et
1347 3559 1417 3626 effi·
1492 3578 1493 3581 ’

305 3662 494 3726 cecissimse
510 3663 736 3752 philosophiae
756 3663 926 3730 fastidium
935 3714 945 3749 ,
966 3662 1217 3751 Wyttenbachi,
1234 3671 1267 3726 et
1280 3661 1416 3748 longum

305 3773 355 3830 est
381 3785 554 3851 quaerere,
584 3787 645 3830 nec
666 3765 743 3831 Tibi
771 3769 931 3852 ignotum.
980 3765 1160 3853 Equidem,
1188 3763 1314 3828 utalia
1334 3785 1414 3828 non·

306 3866 396 3935 nulla
417 3867 637 3933 vendibiliora
665 3889 737 3934 esse
760 3871 845 3952 scio,
874 3871 923 3932 sio
952 3868 1034 3932 haec
1055 3867 1210 3932 uberiora
1230 3874 1320 3930 certe
1341 3887 1415 3931 esse

304 3969 391 4036 idem
422 3971 583 4036 existimo.
634 3969 748 4058 Neque
776 3974 864 4036 enim
887 3969 1055 4036 Sosiorum
1083 3968 1224 4034 vocibus
1255 3956 1415 4049 ausculto,

304 4074 389 4159 quid,
405 4071 682 4138 lucubrationibus
702 4074 784 4138 meis
806 4073 946 4159 eligam,
966 4073 1025 4138 sed
1044 4074 1074 4136 si
1098 4071 1178 4158 quid
1199 4071 1366 4154 veritatis,
1387 4071 1415 4134 si

304 4176 383 4262 quid
403 4177 451 4241 rei
472 4175 640 4241 literarum
660 4176 821 4263 publicae,
842 4177 870 4240 si
889 4176 970 4263 quid
985 4175 1150 4243 studiosae
1164 4173 1350 4260 juventutis
1366 4174 1414 4236 in·

205 4289 208 4319 ¹
302 4283 425 4343 teresse
446 4278 571 4344 videro.

371 4501 612 4582 mmmm
