3167 5192
343 505 533 568 148=1
642 537 646 544 ·

339 680 449 740 turum
479 671 674 759 desperans,
700 673 753 736 sui
777 672 849 758 ipse
879 672 1004 758 ingenii
1024 673 1112 738 vires
1138 673 1310 740 intendere
1330 674 1443 760 coepit,
1490 705 1491 718 κ

323 799 383 842 -an
410 777 488 841 inde
519 774 619 858 forte,
651 773 737 861 quod
764 796 790 842 e·
805 797 840 838 re
864 782 964 858 esset,
998 781 1174 840 excuteret.
1219 776 1346 864 Inque
1367 775 1445 840 haec
1490 781 1491 786 ’

341 900 414 946 eum
442 879 597 964 00852250
624 898 819 963 ⁸¹¹⁸P01¹⁸¹1111
844 877 979 942 lenuit(
994 899 1089 964 posse
1111 877 1249 944 forsitan
1271 901 1289 944 c
1310 878 1444 966 papilio·
1490 887 1491 896 ‘

340 1005 418 1048 num
434 980 652 1070 quorundam,
674 979 765 1044 velut
783 1001 862 1046 auro
881 981 1079 1064 micantium,
1100 980 1161 1045 alis
1183 1003 1298 1047 aurum
1318 981 1446 1046 corradi

339 1085 564 1172 autexcoqui.
610 1081 699 1163 Quas
726 1103 831 1168 nugas
859 1083 933 1150 ideo
956 1105 1186 1168 memoramus,
1215 1092 1251 1150 ut
1272 1105 1445 1169 cognosca—
1490 1155 1491 1158 Ἴ

338 1199 392 1254 tur
424 1187 592 1273 ingenim
627 1185 737 1271 pueri,
780 1185 836 1272 qui
870 1186 1007 1250 inertiae
1026 1187 1185 1252 ¹taedium
1219 1187 1445 1269 reformidans,

319 1291 469 1380 quidvis
496 1289 679 1371 moliretur,
733 1311 775 1353 uo
809 1289 952 1354 vividior
984 1311 1098 1356 sensus
1126 1289 1262 1356 luderet.
1308 1289 1384 1370 Quo
1414 1293 1445 1354 in
1490 1301 1491 1304 ’

240 1425 244 1432 ’
320 1385 459 1481 ·'ge³nere
487 1391 569 1457 illud
597 1411 724 1479 quoque
746 1398 810 1474 est,
844 1390 946 1478 quod,
968 1411 1051 1456 -cmn
1070 1393 1212 1457 maxime
1234 1399 1364 1478 veteres
1388 1392 1445 1456 lin-

338 1521 422 1585 guae
444 1498 550 1583 ipsum
571 1515 723 1559 exercere
740 1493 939 1580 coepissent,
969 1495 1004 1558 in
1025 1515 1111 1560 nova
1140 1494 1359 1580 excogitanda
1383 1493 1444 1558 ela-

319 1599 486 1667 ·borabat.
530 1598 611 1662 Erat
628 1605 706 1660 tunc
726 1607 765 1660 ea
787 1596 872 1661 forte
892 1597 986 1683 pueri
1006 1598 1132 1684 opinio:
1154 1598 1299 1663 omnium
1320 1596 1444 1680 lingua·
1490 1657 1491 1666 ,

338 1725 411 1768 rum
435 1709 591 1789 quotquot
616 1699 786 1764 hominum-
810 1721 866 1764 cre
893 1699 1042 1764 feruntur
1069 1721 1333 1787 unamquamque
1350 1697 1446 1763 unius

339 1805 477 1892 alicujus
507 1804 625 1868 summi
649 1802 783 1866 artificis
814 1801 926 1867 deberi
954 1803 1096 1888 ingenio.
1141 1802 1219 1867 Jam
1237 1801 1294 1866 ille
1315 1802 1351 1866 in
1377 1801 1444 1886 ejus

259 1986 262 1990 A
338 1907 444 1974 laudis
467 1908 655 1972 societatem
678 1903 834 1969 accedere
855 1905 1017 1990 gestiens,
1038 1928 1056 1970 e
1077 1905 1179 1970 variis
1200 1903 1337 1970 vocibus
1361 1902 1444 1966 chal-

337 2011 430 2079 daeis
449 2010 606 2097 aliisque,
635 2029 771 2095 quarum
800 2008 925 2094 copiam
944 2007 1154 2072 historiarum
1178 2007 1346 2073 volumina
1374 2027 1443 2092 sup-

336 2112 543 2202 peditabant,
573 2131 629 2176 eas
655 2110 830 2198 praecipue
856 2109 970 2196 elegit,
985 2131 1083 2198 ¹quae
1108 2133 1192 2176 nove
1212 2109 1278 2176 sibi
1298 2111 1444 2196 mireque

337 2224 507 2298 sonarent,
530 2213 647 2300 quibua
670 2235 791 2278 novum
817 2235 911 2279 suum
935 2235 1117 2280 sermonem
1146 2213 1371 2299 conglutinare
1400 2213 1443 2276 in-

337 2319 453 2385 stituit.
958 2363 959 2368 η

420 2417 595 2504 Indigebat
613 2438 691 2483 vero
713 2437 753 2481 ea
761 2417 896 2502 juvenis
918 2417 1123 2484 foecunditas
1143 2415 1359 2483 scholasticae
1382 2415 1443 2483 dis·

256 2597 260 2607 ,
336 2522 494 2611 cipliuae,
515 2543 593 2607 qua,
615 2521 699 2584 sicut
716 2521 752 2583 in
772 2519 911 2604 vitibus,
933 2530 1168 2587 revocarentur
1189 2527 1443 2606 amputarentu-

336 2646 399 2713 que
422 2645 475 2707 ea,
495 2645 578 2710 quac
599 2631 767 2708 serperent
785 2621 959 2710 multiplici
980 2623 1074 2711 lapsu
1096 2631 1128 2688 et
1146 2623 1304 2704 erratico,
1325 2643 1369 2686 ne
1390 2620 1445 2686 illa

334 2727 529 2798 silvesceret
549 2727 721 2790 sarmentis
746 2727 833 2791 etin
855 2747 967 2792 ornnes
989 2733 1099 2813 partes
1119 2726 1222 2792 nimia
1242 2724 1443 2792 funderetur.

331 2830 410 2914 ‘Quo
440 2825 603 2894 salubrius
632 2837 702 2894 erat
731 2829 834 2915 patrie
865 2828 1037 2894 consilium
1072 2827 1176 2892 filium
1207 2827 1243 2894 in
1274 2826 1443 2894 Vendense

333 2933 542 3022 gymnasium
568 2932 743 3014 mittentis,
770 2939 807 2996 ut
831 2931 1032 2998 accuratiore
1053 2930 1237 3017 linguarum
1259 2929 1444 3014 cognitione

324 3035 534 3101 imbueretur
557 3034 682 3123 (1763).
726 3033 841 3122 Neque
867 3043 977 3099 tamen
1009 3033 1056 3098 ibi
1081 3037 1300 3099 liedcmoasas
1327 3030 1444 3096 multos

333 3148 445 3204 semma
470 3137 599 3220 habuit,
635 3134 722 3225 quod
750 3127 987 3203 commilitones
1015 3135 1152 3201 moleste
1179 3135 1337 3216 serentes,
1374 3153 1445 3200 eum
1490 3177 1491 3180 κ

335 3263 472 3329 puerum
488 3242 523 3305 in
541 3241 683 3328 primum
701 3241 850 3306 ordinem
871 3240 1050 3306 admissum
1073 3261 1154 3322 esse,
1177 3235 1445 3308 meteriis'laces-
1490 3267 1491 3276 κ

334 3362 406 3408 sere
426 3352 611 3436 coeperant.
656 3342 766 3424 Quare
786 3343 875 3407 solus
906 3341 1097 3428 plerumque
1124 3339 1260 3404 Latinos
1286 3337 1444 3424 quosdam

146 3464 151 3478 ·
223 3487 231 3503 1
334 3447 509 3532 scriptores
530 3445 656 3531 legere,
688 3446 868 3515 orationem
896 3465 988 3508 suam
1015 3442 1058 3508 ad
1080 3440 1251 3506 Heinecoii
1271 3446 1445 3526 praecepta
1490 3507 1491 3526 ἦ

334 3549 496 3633 castigare
517 3569 619 3635 eaque
644 3549 755 3615 omnia
775 3569 874 3632 agere
892 3547 1013 3634 coepit,
1035 3567 1118 3634 quae
1138 3543 1210 3609 sibi'
1222 3541 1265 3608 ad
1286 3542 1359 3628 ejus
1383 3563 1445 3606 ser·
1490 3547 1491 3606 l

334 3649 439 3712 monis
460 3651 669 3734 promtiorem
694 3659 727 3716 ct
748 3650 898 3715 notitiam
917 3657 949 3714 et
967 3671 1062 3714 usum
1080 3646 1267 3714 necessaria
1285 3665 1362 3709 esse
1381 3664 1445 3708 ore·
1490 3691 1491 3696 η

333 3751 436 3830 deret.
479 3750 628 3840 Cumque
655 3753 904 3818 vernacularum
931 3750 1099 3816 literanum
1131 3742 1325 3814 rutlissimu's
1350 3752 1442 3826 esset,
1490 3833 1491 3840 ἵ

333 3862 370 3918 ut
399 3854 455 3940 qui
462 3901 472 3936 ,
501 3863 630 3940 praeter
660 3855 799 3922 Gellerti
834 3854 1003 3942 epistolas,
1037 3851 1119 3926 nihil
1144 3851 1213 3916 fere
1245 3848 1442 3918 venustioris
1490 3867 1491 3914 f

239 3977 243 3985 ’
304 3946 520 4042 ὀατὲρῒίοιιίο
543 3956 693 4042 legisset:
714 3959 757 4024 ad
773 3957 868 4022 latini
886 3956 1044 4022 sermonis
1057 3953 1202 4020 ,indolem
1213 3953 1369 4038 jamtum
1389 3961 1440 4012 au·

331 4078 385 4122 res
409 4057 635 4146 judiciumque
664 4083 759 4125 snum
784 4061 832 4124 sic
861 4059 939 4124 satis
972 4057 1100 4122 acuisse
1127 4052 1310 4124 videbatur·
1360 4051 1442 4120 Erat
1490 4091 1491 4124 ;

328 4159 464 4246 insuper
487 4158 670 4226 scholarum
684 4160 920 4228 Francicarum
934 4179 1054 4245 magna
1070 4156 1195 4230 actites
1212 4154 1440 4242 voluptasque.
1490 4177 1491 4184 ¹

330 4257 459 4340 ΨΜ
485 4261 542 4326 ille
561 4271 686 4327 tantum
706 4264 860 4350 profecit,
890 4271 927 4327 ut
949 4283 1023 4326 cum
1044 4282 1118 4326 mum
1143 4263 1442 4330 sermonemautea
1490 4279 1491 4318 3

297 4374 301 4385 '
330 4359 427 4446 plane
451 4365 652 4450 ignorasset,
684 4371 810 4453 promte
838 4366 964 4450 legeret
987 4363 1117 4430 Molieri
1138 4359 1295 4443 tabulas,
1317 4356 1442 4434 festivi·
1490 4373 1491 4376 ’

330 4482 394 4546 quo
415 4468 580 4552 magistri,
614 4466 736 4534 Gallici
757 4467 914 4550 hominis,
939 4466 1031 4554 lepos
1057 4465 1260 4550 facetiaeque
1290 4460 1333 4526 ad
1356 4469 1440 4526 cete
