3167 5192
307 454 509 540 48.

204 668 212 676 ¹
333 662 411 712 num
438 642 596 710 exsistere
620 642 682 710 hac
710 642 752 710 de
772 665 810 710 re
833 641 1011 730 judicium,
1037 649 1089 728 et,
1111 643 1147 710 ni
1167 642 1308 712 certiora
1326 643 1449 732 profe·

333 755 459 830 rantur,
481 745 721 812 subsistendum
742 748 778 812 in
799 745 948 812 codicum
967 745 1162 815 testimonio.
1191 749 1345 833 Προνοίᾳ
1364 747 1448 834 qui-

334 849 408 915 dem
429 849 598 916 Minervas
622 849 731 916 dicata
752 846 874 935 templa
895 846 1000 914 fluisse
1023 831 1160 936 appafet
1178 869 1223 912 ex
1241 847 1314 918 loco
1337 847 1447 914 Cor-

333 953 421 1018 nuti
448 952 489 1018 ds
511 951 637 1018 Natura
664 951 764 1019 Deor.
795 950 851 1036 (im
872 947 993 1014 (talei
1015 949 1162 1038 opuscul.
1184 948 1335 1037 mythol.)
1358 971 1446 1038 pag.

336 1056 405 1120 181.
450 1046 494 1120 Ἡ
518 1050 555 1118 dl
584 1046 712 1137 Ἀθηνᾶ
736 1051 808 1132 ἐςιν
832 1043 853 1136 ἡ
881 1052 921 1119 cri
941 1046 1026 1128 Διὸς
1043 1047 1196 1136 σύνεσις,
1222 1045 1353 1136 ἡαῦιὴ
1376 1040 1449 1119 ica

333 1157 373 1241 τῇ
393 1151 430 1220 ἐν
451 1149 543 1244 αὐτῷ
562 1159 722 1245 προνοίη,
749 1149 838 1222 καθὰ
864 1151 921 1220 καί
940 1156 1108 1238 Προνοίας
1129 1146 1275 1238 Ἀθηνᾶς
1294 1147 1448 1237 sterion-

333 1279 387 1324 ιαι
406 1259 498 1343 ναοί,
519 1257 755 1343 ubiGaleus,
775 1279 910 1324 securus
930 1256 1147 1342 discrepantis
1167 1256 1328 1338 nominis,
1352 1275 1449 1339 zpo-

334 1363 429 1445 νηΐης
456 1361 653 1428 mentionem
679 1361 786 1449 injicit
814 1359 1024 1447 locorumque
1047 1380 1121 1424 cum
1147 1356 1347 1426 Hero'doti
1367 1366 1446 1424 tum

333 1463 574 1530 Pausaniae.
619 1461 716 1544 Quod
730 1462 778 1529 ibi
799 1462 891 1528 addit
910 1461 1113 1530 Cornutus
1133 1461 1294 1545 γενέσθαι
1313 1457 1353 1525 δὲ
1375 1453 1445 1525 orsi-

334 1558 397 1647 τὴν
423 1563 460 1630 ἐν
487 1567 545 1648 τῆς
573 1567 611 1630 tri
631 1560 716 1642 Διὸς
741 1567 889 1649 κεφαλῆς
917 1565 1063 1649 λέγεται,
1090 1585 1162 1628 eam
1188 1563 1294 1650 ipsam
1316 1560 1447 1626 samam
1477 1585 1480 1589 ·

334 1668 466 1752 attingit
484 1676 516 1732 et
536 1665 716 1752 infringere
739 1667 847 1732 studet
867 1666 1062 1732 Julianus
1083 1667 1260 1753 imperator
1279 1664 1446 1741 Oratione

334 1765 393 1830 IV.
415 1787 490 1852 pag.
515 1770 584 1833 149.
607 1768 658 1834 ed.
682 1767 830 1856 Spanh.
853 1767 925 1834 loco
946 1768 1070 1854 insigni
1091 1766 1134 1832 ad
1155 1767 1240 1834 hano
1262 1788 1331 1837 rem
1353 1766 1444 1852 diju-

334 1867 522 1952 dicandam,
542 1870 609 1934 'sed
637 1870 751 1936 eodem
777 1870 896 1956 partim
917 1870 964 1934 ita
982 1867 1155 1953 lacunoso,
1176 1878 1214 1935 ut
1233 1869 1305 1935 sine
1325 1889 1446 1933 mauu-

326 1970 527 2056 scriptorum
547 1992 608 2058 ope
629 1973 689 2038 vix
709 1972 838 2038 restitui
854 1969 1004 2036 videatur
1020 1993 1128 2058 posse.

419 2069 592 2139 Caeterum
620 2075 795 2141 Cornuti
824 2073 914 2139 locus
941 2072 1095 2140 admonet
1121 2073 1206 2164 alius
1235 2070 1445 2138 confusionis

333 2171 565 2240 vocabulorum
590 2174 726 2254 σύνεσις
755 2183 787 2242 et
813 2171 1004 2253 σύννευσις.
1060 2175 1161 2243 Velut
1190 2177 1225 2240 in
1256 2173 1443 2258 Plotino,

333 2269 419 2343 Enn'.
441 2275 505 2342 ΙΠ.
528 2278 558 2342 8.
581 2281 630 2342 10.
652 2277 691 2343 F.
713 2317 756 2328 --
779 2273 934 2346 ἐποίουν
955 2270 1012 2345 tet
1035 2280 1102 2357 νίς.
1137 2272 1275 2362 Ἔφεσις
1294 2270 1360 2359 γὰρ
1382 2275 1444 2342 καί

308 2377 315 2404 ”
334 2377 372 2444 ἐν
398 2373 481 2467 tritus
510 2377 567 2446 uui
591 2375 758 2458 σύνεσις
786 2377 872 2465 πρὸς
896 2375 934 2446 τὰ
966 2374 1054 2460 εἶδος
1083 2374 1176 2449 atvs.
1228 2379 1444 2446 Confideuter

334 2477 408 2564 lego
430 2477 680 2566 σύννευσις,
709 2483 797 2570 quod
819 2491 851 2548 et
873 2504 988 2548 sensus
1008 2484 1129 2570 poscit,
1158 2490 1191 2548 et
1210 2481 1381 2549 confirmat
1401 2481 1443 2546 li·

334 2579 394 2646 ber
424 2581 704 2668 Augustanus,
739 2584 884 2650 nondum
918 2592 939 2648 a·
972 2606 1135 2674 quoquam
1164 2593 1262 2652 autea
1289 2583 1441 2650 collatus.

334 2681 503 2748 Minervae
539 2683 707 2752 Pronoeae
740 2688 862 2752 mentio
896 2688 996 2752 etiam
1031 2687 1069 2752 fit
1104 2675 1192 2776 apud
1223 2687 1443 2773 Interpretem

336 2785 498 2854 Graecum
525 2786 698 2854 Hesiodi
727 2789 895 2876 Theogou.
924 2810 1011 2855 vers.
1045 2793 1118 2856 319.
1145 2790 1189 2856 ad
1212 2812 1271 2856 ver
1333 2825 1378 2841 -
1394 2825 1442 2840 -

334 2889 476 2974 βολῇσιν
499 2881 677 2976 Ἀθηναίης
703 2886 870 2976 ἀγελείης,
894 2890 952 2957 ubi
977 2889 1034 2956 ille
1059 2891 1129 2956 itaz·
1148 2893 1208 2975 τῆς
1226 2884 1377 2976 ἀθρόσης
1397 2882 1441 2956 τὰ

335 2987 444 3056 πάντα
464 2994 650 3080 Προνοίας,
672 2992 728 3061 καὶ
749 2989 891 3079 cirione,
912 2991 968 3060 nat
989 2991 1208 3078 διενθιτίσης
1224 2995 1300 3060 λίαν
1323 2985 1441 3070 εὐξό-

334 3116 425 3177 χοις
453 3088 494 3158 τὰ
523 3088 606 3168 ues’,
635 3087 720 3180 ἡμᾶς
749 3091 1015 3181 διευθιτήσεσιν.
1059 3095 1147 3162 Illud
1171 3089 1321 3180 ιῦξόηοις
1344 3093 1442 3160 nihili

335 3204 393 3264 est.
438 3194 574 3285 Conjeoi
606 3190 836 3283 εὐστόχοις.
886 3199 1004 3284 Vides,
1032 3206 1230 3287 quantopere
1255 3197 1319 3264 iste
1342 3195 1442 3264 homo

335 3298 514 3368 delectetur
534 3299 672 3386 repetita
689 3303 808 3370 vocula
828 3292 888 3384 οὖς
916 3296 1048 3386 steno
1067 3309 1238 3388 praeterea
1262 3322 1303 3367 ao
1323 3295 1443 3384 νόησις

301 3423 304 3429 ·
336 3403 464 3490 saepius
477 3402 595 3489 juncta
615 3404 776 3488 leguntur.
820 3403 1133 3472 Aristotelesin
1153 3403 1261 3470 Ethic.
1282 3403 1441 3490 VLOap.

336 3509 367 3570 9.
389 3506 440 3583 ἔςι
462 3503 518 3590 δέ,
540 3505 602 3588 ait,
634 3498 769 3590 ιῦςοχία
793 3529 843 3586 τις
863 3501 885 3593 ἡ
906 3501 1068 3592 ἀγχίνοια.
1111 3505 1236 3572 Lenius
1260 3515 1371 3574 tamen
1391 3506 1442 3574 vi·

337 3607 446 3691 detur,
466 3608 534 3699 uni
557 3606 653 3672 litori
674 3607 799 3692 deleti,
821 3608 906 3696 legi:
932 3604 1091 3694 ἐξόηοις
1112 3608 1443 3694 excellentibus,

336 3708 533 3794 egregiis.
578 3708 618 3774 Iu
637 3711 863 3796 providentiae
883 3711 1032 3800 partibus
1049 3711 1180 3799 ponitur
1200 3712 1299 3778 etiam
1322 3702 1443 3778 εὐίο-

337 3812 408 3878 ιιίᾰ
440 3809 727 3880 benivolentia
763 3814 852 3901 apud
884 3813 1049 3882 Suidam
1080 3815 1116 3880 in
1148 3809 1303 3899 πρόνοια.
1353 3811 1444 3881 Illud

196 3953 201 3974 .
335 3911 531 3980 vocabulum
550 3916 609 3982 vix
630 3914 710 3982 alibi
734 3917 893 4002 reperias,
916 3936 1014 4004 quam
1035 3918 1071 3983 in
1088 3915 1131 3984 N.
1146 3916 1185 3985 Τ.
1208 3925 1243 3983 et
1261 3917 1297 3982 in
1309 3913 1442 3982 Veteris

337 4019 538 4086 Testamenti
561 4017 791 4106 interpretibus
814 4020 952 4106 graecis.

777 4285 1006 4300 m
