3167 5192
341 507 362 570 4

344 673 525 740 servandae
553 691 662 740 rerum
688 675 863 742 memoriae
892 675 960 743 fida
990 677 1069 744 satis
1101 683 1238 765 tutaque
1270 674 1460 744 videretur.

344 776 453 858 Quare
482 778 599 844 mirum
619 799 685 843 non
707 785 772 861 est,
802 779 858 866 qui
883 780 981 866 primi
1004 781 1090 846 inter
1111 778 1257 845 Graecos
1278 757 1378 847 iebus
1399 801 1464 868 pe-

344 881 446 947 destri
469 899 618 947 sermone
637 881 817 947 condendis
837 904 968 969 operam
989 884 1128 968 dabant,
1149 893 1376 969 ooyypapetc,
1397 906 1461 948 cos

341 982 411 1048 fere
429 981 607 1048 deficiente
616 983 770 1070 graviore
789 986 982 1051 auctoritate
999 985 1128 1053 fabulas
1147 994 1297 1074 captasse
1312 1007 1463 1074 vereque

343 1084 447 1160 fuisse
469 1082 746 1174 potioypoiqrac*).
975 1073 978 1081 ¹

427 1187 602 1257 Praeclare
624 1189 667 1256 ad
694 1187 776 1257 haec
798 1197 906 1256 actum
928 1190 1036 1258 fuerat
1057 1213 1132 1260 cum
1157 1191 1276 1285 priscis
1300 1189 1367 1255 illis
1391 1189 1463 1253 Ba-

341 1290 503 1379 byloniis,
530 1289 721 1379 Aegyptiis,
744 1291 897 1377 Judaeis,
922 1289 1159 1379 Phoenicibus,
1188 1317 1325 1385 quorum
1350 1314 1464 1358 sacer-

224 1421 232 1428 ·
343 1395 436 1460 dotes
457 1392 558 1458 nuda*
575 1403 663 1460 certe
690 1417 800 1461 rerum
821 1406 988 1482 gestarum
1010 1405 1128 1462 eventa
1148 1399 1183 1463 in
1209 1397 1368 1463 librorum
1388 1417 1462 1460 mo-

272 1573 279 1591 ,
342 1498 508 1562 numantia
539 1497 797 1584 perscribebant.
845 1499 945 1588 Apud
979 1499 1145 1566 Romanos
1175 1521 1319 1588 quoque,
1352 1507 1389 1565 ut
1422 1499 1462 1563 iu

293 1625 300 1644 ·
343 1600 558 1682 Cicerone**)
582 1609 645 1665 est:
667 1603 870 1686 „memoriae
883 1602 1035 1690 publicae
1052 1603 1243 1670 retinendae
1263 1623 1390 1685 caussa,
1413 1597 1468 1665 ab'

341 1703 435 1770 initio
456 1725 564 1768 rerum
585 1701 807 1770 Romanarum
828 1728 932 1794 usquc
960 1706 1003 1772 ad
1024 1705 1063 1771 P.
1085 1705 1246 1790 Mucium,
1267 1703 1462 1794 pontificem

341 1806 536 1890 maximum,
569 1827 622 1868 res
649 1828 760 1871 omnes
782 1807 986 1894 singulorum
1007 1829 1167 1873 annorum
1186 1807 1363 1873 mandabat
1384 1804 1478 1870 lite.

341 1909 393 1973 ris
410 1908 562 1996 pontifex
582 1907 762 1993 maximus,
790 1909 1012 1998 efferebatque
1039 1911 1074 1974 in
1093 1905 1220 1997 album,
1243 1917 1275 1974 et
1294 1929 1460 1996 propone-

343 2009 400 2074 bat
421 2011 567 2076 tabulam
590 2009 693 2093 domi,
715 2019 860 2098 potestas
883 2019 920 2076 ut
941 2020 1028 2076 esset
1047 2009 1168 2100 populo
1196 2007 1429 2096 cognoscendi.
1440 2011 1462 2046 “

343 2109 507 2199 Fugiebat
540 2133 612 2178 eam
645 2113 841 2198 gravitatem
873 2117 982 2201 prisca
1017 2113 1150 2200 illam)
1183 2112 1339 2195 Graecia,
1370 2131 1460 2197 quae

342 2237 416 2280 cum
436 2219 472 2281 in
492 2217 651 2282 festorum
677 2215 876 2281 hilaritatem
898 2215 1001 2281 effusa
1022 2215 1064 2281 ab
1090 2210 1216 2281 ἀοιδῶν
1243 2235 1377 2280 suorum
1397 2233 1460 2278 ore

342 2318 523 2404 pendebat,
544 2317 627 2384 nihil
641 2319 759 2402 minus,
782 2339 880 2406 quam
894 2323 1016 2382 certam
1034 2314 1143 2382 rerbm
1153 2315 1254 2382 iidem
1269 2314 1459 2404 expetebat.

427 2419 545 2506 Itaque
570 2420 653 2486 nihil
680 2419 750 2486 iere
772 2428 859 2503 erat,
884 2440 949 2506 quo
977 2418 1187 2489 subnascenti
1209 2419 1328 2486 deinde
1354 2418 1459 2484 histo-

342 2520 413 2588 riae
438 2529 646 2606 prospectum
673 2522 781 2588 videri
807 2529 934 2607 posset,
964 2529 1095 2608 praeter
1120 2529 1330 2588 monmenta
1356 2542 1459 2610 quae·

343 2621 419 2687 dam
441 2629 572 2687 vetusta
599 2625 635 2688 in
664 2622 796 2711 templis
828 2622 983 2688 mammo
996 2625 1105 2710 posita
1132 2631 1166 2689 et
1192 2623 1333 2689 donaria
1354 2617 1459 2702 (ἄνα-

341 2718 537 2811 oleatae,
575 2725 651 2790 Diis
680 2725 805 2808 dicata,
833 2723 1009 2812 praecipue
1035 2745 1175 2814 qnorum
1193 2723 1360 2791 celebrata
1383 2746 1458 2790 ora·

343 2823 418 2890 cula
437 2835 544 2911 erant,
573 2835 610 2894 ut
630 2825 797 2914 Apollinis
824 2825 991 2914 Delphici.
1033 2827 1172 2894 Faobrm
1186 2836 1247 2893 cst
1269 2849 1399 2916 quoque
1420 2829 1459 2894 in

344 2926 472 2994 duabus
494 2927 654 2996 Graeciae
676 2929 866 2995 civitatibus
889 2928 1032 3018 Sicyone
1058 2937 1092 2995 et
1108 2929 1227 3017 Argis,
1245 2939 1285 2996 nt
1300 2929 1458 2998 sacerdo

342 3039 412 3096 tum
435 3053 589 3098 recensus
612 3027 823 3120 (ἀναγραφαὶ
844 3030 1028 3117 osseam)
1051 3032 1282 3121 conderentur.

430 3132 623 3223 Quicunque
656 3135 758 3221 igitur
785 3134 864 3199 inde
896 3155 917 3216 a
945 3137 1152 3221 sexagesima
1175 3134 1373 3224 Olympiade
1400 3133 1458 3202 vel

224 3233 228 3241 '
342 3235 453 3324 paullo
474 3231 631 3307 maturius
654 3260 713 3324 per
732 3236 905 3304 Graeciam
932 3237 969 3304 id
989 3236 1145 3323 egebant,
1173 3248 1211 3306 nt
1234 3259 1363 3312 ornnem
1390 3239 1458 3324 pri-

343 3361 432 3404 scam
449 3340 638 3406 memoriam
664 3361 686 3404 a
705 3346 876 3426 poetarum
898 3337 1051 3404 ludibriis
1070 3341 1269 3408 vindicatam
1290 3341 1334 3406 ad
1354 3339 1457 3406 bisto-

341 3439 413 3506 ‘riae
446 3444 654 3508 severitatem
684 3443 910 3535 traducerent,
943 3463 1008 3529 quo
1040 3443 1148 3509 minus
1176 3444 1308 3509 certiori
1332 3443 1411 3508 fidei
1437 3466 1459 3509 a
1484 3503 1488 3511 ,

344 3543 524 3630 majoribus
544 3554 674 3610 cautum
695 3544 813 3629 fuerat,
835 3565 874 3610 eo
894 3543 1074 3612 studiosius
1092 3545 1174 3619 bace
1191 3540 1305 3615 eadem
1318 3547 1457 3613 circum-

219 3727 221 3738 ,
345 3646 471 3732 spicere
490 3650 686 3732 coeperunt'
734 3669 737 3685 ³
805 3678 808 3683 ⁴

341 3767 548 3805 Α-ι-ι-ι--ιιι--ι

351 3891 356 3902 .
414 3869 441 3938 *)
460 3869 585 3923 Strabo
604 3871 665 3923 Lib.
685 3871 709 3924 1.
726 3871 795 3940 Peg.
814 3871 857 3928 53.
879 3873 921 3930 ed.
934 3871 1065 3930 Sicbonlri

411 3957 510 4025 “lde
527 3959 643 4010 Oratore
659 3959 775 4012 n-la

413 4043 473 4113 iffi)
492 4051 519 4100 ct
535 4061 600 4100 vcro
619 4046 745 4114 deinceps
762 4063 870 4116 quoqne
887 4049 970 4116 vulgo
987 4066 1036 4116 per
1055 4065 1134 4105 omne
1150 4048 1257 4108 libem
1269 4052 1309 4110 ret
1326 4051 1457 4118 neruoso
1505 4072 1506 4083 ¹

345 4135 466 4210 tempus,
488 4134 524 4186 cf.
549 4135 804 4204 WolfliProlegom.
823 4138 859 4188 ad
874 4139 988 4193 Homer.
1005 4139 1074 4203 Peg.
1093 4136 1222 4201 XLVIII.
1240 4139 1349 4214 LXXV.

318 4215 321 4227 “
416 4217 447 4286 †)
464 4219 528 4282 Qua
545 4219 578 4270 de
596 4236 625 4271 re
642 4237 713 4272 nunc
730 4223 831 4290 legitur
849 4225 931 4276 docta
964 4224 1081 4275 Eckltelii
1108 4224 1257 4290 disputatio
1274 4228 1303 4277 in
1320 4218 1456 4281 Doctrina

345 4307 494 4362 Numerum
510 4311 632 4360 veterum
647 4309 723 4362 Part.
741 4311 764 4361 1.
782 4311 844 4365 Vol.
861 4311 911 4364 IV.
929 4313 997 4378 Peg.
1016 4309 1066 4362 371
1086 4325 1128 4376 sq.
1220 4302 1236 4338 '¹
1494 4295 1500 4306 ,

416 4392 469 4462 ††)
489 4391 585 4447 Sason
607 4395 759 4449 Ghronicon
780 4397 849 4464 Pag.
874 4399 925 4450 115
947 4383 1013 4465 ibiq.
1036 4395 1192 4465 wesseling
1209 4427 1241 4437 -
1263 4388 1355 4466 Hasna
1377 4399 1455 4452 Gom·

345 4483 427 4536 nene
448 4481 585 4535 ilociotot.¹
596 4483 741 4536 Scientiar.
761 4485 935 4551 Gottingcns·
954 4486 1016 4537 Vol.
1034 4476 1282 4553 XIVr·Psg.'12¹t).'
1354 4502 1358 4510 ·

565 4562 575 4592 ἦ
598 4559 601 4567 .
