3167 5192
1192 497 1257 580 111

142 705 219 766 cum
238 683 309 770 jam
333 681 544 774 epistolarum
570 680 681 748 officio
702 681 837 769 junctos
865 687 953 748 esset
974 683 1108 750 summis
1129 685 1164 748 in
1184 691 1255 749 arte
1333 745 1343 762 ,

141 807 200 850 sua
223 783 415 869 duumviris,
437 785 701 854 zimnermanno
717 785 871 850 nimirum
888 783 1077 850 etHellero.
1107 785 1254 867 Quorum
1298 857 1304 870 ,

141 889 242 952 etiam
272 887 387 954 landes
415 886 547 974 publice
576 893 693 974 postea
718 884 914 952 nobilitavit.
968 885 1078 974 Hujus
1111 887 1252 976 quidem,

141 987 231 1054 dicta
249 989 397 1057 oratioue
417 991 453 1054 iu
473 988 642 1054 academia
659 987 880 1073 Gottiugensi.
1267 1005 1271 1011 '

222 1089 340 1178 Neque
370 1089 458 1154 enim
488 1090 656 1175 egregiam
687 1089 753 1155 viri
781 1088 950 1156 literarum
975 1091 1144 1156 scientiam
1172 1089 1251 1155 deli-

139 1199 265 1256 tescere
291 1193 327 1255 in
354 1211 394 1256 eo
420 1190 539 1278 oppido
563 1191 694 1256 fortuna
718 1191 838 1275 voluit,
869 1193 929 1258 sed
951 1193 1076 1259 aditum
1095 1191 1251 1280 patefecit

140 1293 181 1357 ad
199 1292 344 1380 amplius
365 1291 497 1380 publice
517 1292 724 1378 promerendi
743 1292 916 1379 tlrcatrnm,
937 1293 1049 1362 oblata
1068 1293 1250 1359 medicinae
1311 1347 1317 1364 .

139 1397 173 1459 in
194 1395 311 1462 ecbola
331 1393 469 1461 Jenensi
494 1396 593 1458 tertia
613 1393 770 1463 cathedra
797 1413 883 1460 anno
912 1398 1004 1462 1768.
1049 1393 1155 1476 Qum
1176 1413 1250 1482 pro-

139 1497 283 1562 vinciam
313 1501 521 1576 Butdtnoeras
555 1497 698 1582 suscepit
731 1496 854 1585 scripta
886 1497 1172 1563 commentatione:
1212 1498 1251 1562 de

140 1603 276 1664 tectim
296 1603 490 1680 Hippooruut
510 1603 634 1666 moue
652 1606 838 1677 occaecata,
870 1601 1012 1688 itemque
1031 1599 1251 1686 disputatione

140 1723 196 1788 pro
217 1703 311 1768 loco:
338 1707 377 1767 de
397 1705 574 1780 Professum
593 1706 715 1768 medico.
759 1701 842 1768 Inde
863 1705 1135 1790 proximoanuo,
1157 1699 1249 1765 Kalt-
1284 1719 1288 1728 ’

141 1803 299 1870 aehmidio
325 1803 494 1887 defuncto,
522 1805 558 1866 in
578 1802 757 1868 secundum
776 1803 884 1869 locum
906 1811 1038 1869 evectus
1063 1813 1121 1869 est.
1168 1803 1251 1872 1111111
1278 1793 1294 1808 “

141 1927 177 1969 ea
196 1904 355 1972 cathedra
376 1906 552 1993 conjnmu
570 1915 641 1970 erat
661 1906 710 1970 rei
735 1903 908 1974 herbariae
926 1905 1087 1992 professio
1107 1923 1250 1994 curaque

141 2007 224 2074 horti
244 2008 400 2074 botanici.
1161 2037 1163 2044 ,
1230 2023 1247 2052 1'

221 2109 285 2174 Ille
305 2131 386 2176 vero
405 2109 536 2197 utrique
558 2109 690 2194 11181110
707 2107 838 2175 abunde
859 2108 1019 2174 satisfecit
1046 2116 1078 2172 et
1098 2111 1250 2195 gnaviter

140 2212 287 2278 docendo
308 2221 342 2277 et
361 2211 489 2277 edendo
510 2209 621 2277 libello
641 2210 683 2274 de
708 2231 748 2275 ea
764 2231 801 2274 re
818 2210 1011 2295 vernaculo,
1043 2198 1270 2277 1111111111-1

141 2315 245 2402 doque
264 2315 351 2380 borti
371 2315 507 2400 agrique
529 2313 682 2376 Jenensis
700 2312 885 2399 plantamm
907 2311 1026 2378 indice.
1071 2311 1140 2380 Sub
1161 2313 1248 2379 idem

140 2425 266 2504 tempus
297 2415 421 2482 ibidem
452 2417 487 2478 in
515 2412 687 2479 Societatis
714 2413 882 2479 literarum
909 2413 1144 2500 elegantiomm
1173 2435 1247 2483 con-

140 2539 228 2584 sessu
248 2516 448 2583 loculentam
469 2517 649 2582 orationem
666 2517 702 2583 iu
715 2519 865 2582 8111111111·
882 2515 971 2582 illius
984 2510 1108 2584 obitum
1122 2518 1245 2584 babuit.

140 2618 252 2710 Neque
271 2618 408 2706 reliquis
427 2619 572 2684 moneris
593 2617 711 2684 officiis
731 2619 846 2705 deluit,
867 2621 1034 2708 gessitque
1055 2643 1129 2688 cum
1150 2621 1248 2688 lande

140 2723 324 2789 academiae
341 2722 568 2806 magistratum
588 2740 675 2786 anno
698 2723 789 2786 1769.
1103 2737 1104 2741 ’

218 2824 453 2912 Quinquennio
472 2822 519 2888 ibi
539 2831 717 2906 uuusaoto,
743 2823 1025 2890 Zimmermannus
1047 2825 1169 2911 aliique
1188 2827 1246 2912 qui

141 2927 167 2990 ei
185 2930 355 2994 literarum
376 2945 495 2991 canosa
511 2924 596 2991 bene
617 2925 809 3014 cupiebant,
829 2929 1012 3015 conjunctis
1036 2925 1153 2992 madiis
1171 2927 1245 2991 effe
1380 2919 1386 2926 ’

139 3039 266 3113 cerunt,
299 3037 336 3094 ut
365 3027 555 3113 Gottingam
573 3038 803 3094 ⁴arcesseretur
829 3052 859 3094 a.
891 3033 982 3095 1773.
1026 3029 1174 3116 Adeptus
1195 3037 1245 3094 est

140 3151 204 3196 cam
231 3130 422 3196 cathedram
443 3152 461 3194 e
487 3123 553 3218 qua
582 3130 807 3196 adolescentes
837 3131 880 3196 ad
904 3139 1007 3196 artem
1032 3131 1245 3199 factitandum

138 3233 359 3302 mstimuntnr.
393 3232 484 3313 Quas
505 3231 634 3298 scholas
654 3232 787 3320 publice
809 3233 930 3298 indixit
942 3234 1066 3320 scripta
1083 3253 1244 3300 commen·

138 3338 257 3402 tatione
283 3340 324 3400 de
348 3342 464 3400 saccati
489 3339 583 3417 bajus
609 3342 641 3400 iu
661 3341 810 3402 meamne
830 3342 963 3404 armus.
1008 3336 1092 3401 Cum
1109 3354 1150 3400 ea
1169 3357 1245 3423 pro-

139 3436 280 3504 fessione
306 3438 482 3524 conjuncta
505 3437 570 3502 fnit
586 3442 720 3504 1111111τί
736 3445 839 3503 clmtci
857 3457 948 3520 cura,
977 3457 1074 3523 quam
1095 3437 1152 3503 ille
1174 3458 1244 3504 suu·¹
1283 3499 1288 3506 .

139 3550 262 3628 coptam
283 3539 399 3604 eodem
420 3559 505 3604 anne
527 3560 601 3604 cum
621 3538 719 3604 lande
741 3539 968 3626 gemitusque
990 3537 1033 3604 ad
1054 3539 1188 3610 abitum.
1325 3575 1329 3579 ·

216 3642 296 3708 Jam
312 3643 358 3706 'iu
385 3642 470 3707 hano
494 3642 661 3707 literarum
687 3640 856 3709 civitatem
883 3639 1045 3710 admissum
1058 3641 1152 3706 -uihil
1177 3662 1243 3708 nou
1299 3649 1304 3661 '

139 3753 329 3811 consecutus
352 3756 422 3810 erat
441 3745 528 3833 quod
551 3743 674 3810 homini
695 3743 863 3813 literanum
884 3744 1007 3810 amanti
1028 3743 1173 3831 optabile
1194 3747 1242 3810 vi·

140 3843 258 3916 deun.
287 3847 433 3913 Primum
452 3845 645 3934 suppetebat
665 3843 883 3912 bibliothecae
904 3845 1108 3911 academicae
1125 3845 1240 3911 libera-

138 3948 256 4016 lissime
266 3937 433 4015 institutae
448 3959 480 4014 ct
493 3957 608 4014 auctae
622 3946 806 4012 uberrimus
821 3957 1004 4036 apparatus,
1022 3971 1085 4035 quo
1109 3944 1241 4034 legendi

140 4073 215 4138 quae
237 4073 364 4118 summa
383 4053 419 4116 in
438 4073 478 4117 co
497 4053 605 4116 inerat
624 4050 835 4136 cupiditatem
854 4053 1040 4117 exsatiaret.
1079 4051 1163 4115 ’11111
1184 4049 1241 4122 uhi

139 4155 310 4242 elegendo
330 4154 432 4220 vesset
459 4151 602 4217 recreari
622 4173 695 4216 curm
717 4152 887 4220 doctorum
908 4156 1012 4220 omnis
1036 4153 1166 4240 generis
1184 4151 1240 4216 bc

140 4259 256 4324 ninom
284 4255 582 4323 convertendorum
599 4258 840 4342 opportunitas,
867 4266 937 4322 tum
959 4255 1082 4322 ordinis
1103 4253 1154 4318 sui
1175 4253 1245 4324 col·.

140 4356 281 4447 legeram
295 4367 455 4447 perpetua
474 4357 683 4439 conscendo,
713 4379 851 4444 quorum
873 4358 993 4445 singuli
1016 4359 1052 4420 in
1073 4375 1133 4420 suo
1153 4356 1246 4442 quis·-

141 4481 195 4546 qoe
220 4482 343 4550 genera
370 4471 427 4530 aut
453 4461 618 4548 principes
647 4469 703 4528 aot
727 4461 933 4548 principibus
954 4459 1095 4548 proximi
1121 4467 1241 4545 essent,

969 4561 1035 4622 12*
1174 4621 1181 4636 ,
