3167 5192
123 441 373 554 xxslve

310 653 409 724 dubie
431 653 549 720 multas
564 651 697 734 fecerat,
719 671 807 716 nunc
819 647 955 735 quidem
968 646 1307 734 pauciores'eastant3
1335 667 1453 712 unam

310 758 585 845 elegantissimam
620 755 682 820 hac
713 754 791 820 data
821 752 994 818 occasione
1017 771 1333 836 commemoremus,
1377 773 1454 838 qna

310 860 498 928 Aristotelis
526 881 626 946 opera
647 857 814 929 dedicavit
832 854 1025 938 Guilielmo,
1052 853 1239 938 Ludoaicc,
1266 855 1452 940 Georgio,

311 965 452 1033 Hassiae
472 961 693 1049 Principibus.

396 1066 470 1148 Quo
497 1066 637 1130 rariores
658 1063 752 1146 illae,
780 1084 821 1128 eo
840 1063 948 1128 minus
967 1083 1246 1148 supervacaneum
1269 1070 1329 1128 est
1353 1061 1451 1126 mihi

211 1203 232 1246 ·,
314 1174 422 1238 nsum
442 1169 502 1236 has
523 1168 628 1254 ipsas,
649 1187 729 1252 quas
748 1167 892 1254 quinque
913 1187 1049 1231 numero
1070 1165 1113 1232 ad
1130 1165 1304 1230 hleiissum
1330 1165 1452 1230 dede·

309 1285 360 1342 rat
385 1275 437 1340 vir
462 1268 810 1360 praestantissimus’),
848 1268 937 1355 typis
967 1267 1150 1354 descriptas
1179 1267 1305 1354 publici
1342 1269 1449 1354 juris

309 1379 429 1444 facere.
473 1374 556 1442 Utut
576 1380 642 1454 est,
669 1393 752 1458 quae
774 1370 904 1455 exiguis
925 1391 1024 1455 saepe
1043 1370 1174 1464 paginis
1196 1369 1336 1436 inclusit
1359 1369 1447 1457 Syl-

310 1481 463 1566 burgius‚
491 1497 532 1542 ea
559 1473 639 1542 mihi
671 1471 801 1560 magnis
826 1470 965 1536 aliorum
985 1470 1207 1560 ¹voluminibus
1224 1472 1364 1558 potiora
1389 1473 1444 1536 vi·
1491 1476 1493 1483 ‘

307 1754 417 1819 jussu
441 1751 616 1804 Electoris
637 1749 793 1804 Palatini
815 1747 1015 1800 Fridericus
1038 1749 1249 1818 Sylburgius
1274 1753 1439 1804 Vetera-

312 1857 392 1905 nus,
418 1841 458 1890 vir
481 1857 579 1908 graece
603 1837 786 1890 doctissimus.
823 1837 982 1888 Latinorum
1001 1839 1124 1890 codicum
1143 1839 1298 1907 catalogum
1317 1841 1437 1892 nullum

309 1927 439 1992 vidimus,
464 1925 583 1994 suppleri
604 1931 698 1978 tamen
723 1923 921 1991 quodammodo
945 1923 1006 1988 ejus
1024 1923 1147 1977 delectus
1164 1931 1259 1993 posset
1280 1943 1332 1993 per
1351 1927 1436 1978 indi-

309 2031 367 2068 cem
393 2015 523 2066 librorum
550 2013 759 2081 eFtrggeriana
783 2007 957 2062 Bibliotheca
977 2013 1006 2062 in
1028 2013 1184 2064 Palatinam
1213 2015 1432 2078 translatorum,

312 2107 396 2172 qusm'
410 2103 481 2156 idem
499 2103 662 2170 Sylbnrgius
686 2101 839 2154 coniecisse
855 2099 955 2152 dicitur
979 2104 1007 2153 et
1030 2116 1111 2166 quern
1128 2101 1170 2153 01.
1187 2100 1296 2154 lllricus
1314 2105 1433 2156 Maure¹
1459 2150 1463 2157 ,

312 2210 358 2246 rus
383 2193 541 2260 possidet.“
576 2194 635 2244 Nec
652 2207 738 2258 nsque
759 2205 867 2256 quaque
890 2191 994 2240 rectum
1011 2188 1157 2241 dcctumve
1172 2190 1206 2241 de
1222 2190 1275 2242 hoc
1291 2192 1431 2258 catalogo

311 2282 389 2334 codd.
410 2298 464 2348 grr.
480 2279 615 2346 judicium
634 2280 720 2332 fertur
738 2280 766 2330 in
782 2280 812 2330 J.
829 2280 866 2329 H.
885 2275 1009 2329 Andreae
1025 2279 1190 2330 Riesmcnno
1207 2279 1306 2332 Redlv.
1322 2297 1352 2346 p.
1373 2281 1430 2332 99:
1492 2340 1493 2355 χ

310 2371 434 2435 „Verum
451 2373 542 2419 antem
560 2367 647 2420 nudus
666 2371 708 2418 est
725 2367 815 2430 index,
834 2366 863 2415 in
882 2381 935 2432 quo
955 2369 1112 2416 auctorum
1130 2366 1244 2431 tituli,
1263 2369 1357 2420 verbis
1371 2369 1431 2419 La-

310 2459 374 2510 tinis
393 2457 524 2522 expressi,
544 2459 650 2506 tantum
666 2455 745 2505 modo
759 2457 920 2514 occurrunt,
939 2451 1035 2504 nulla
1052 2456 1181 2518 tamen,
1200 2471 1232 2504 ex
1245 2456 1346 2521 quibus
1359 2473 1428 2508 con-

309 2547 377 2596 ditio
406 2543 610 2610 antiquitasque
637 2543 760 2594 codicum
791 2541 1101 2608 cognoscipossit,
1132 2541 1292 2594 orituris
1310 2542 1427 2609 subji-

309 2632 482 2684 ciuntur.“
493 2657 527 2668 -
539 2631 743 2682 contraissent
759 2629 861 2682 multae
879 2630 1036 2682 notationes
1054 2630 1237 2696 antiquitatis,
1256 2633 1426 2705 argumenti,

309 2722 441 2787 aliosque¹
453 2720 488 2772 ad
513 2736 570 2770 rem
592 2719 742 2770 literarium
760 2719 903 2770 iacientes.
939 2720 977 2768 Et
1001 2717 1229 2784 deproperaverat
1246 2719 1322 2791 haud
1340 2721 1426 2772 dubie

244 2825 246 2832 ’
310 2809 470 2876 Sylburgins
487 2806 568 2872 hujus
589 2806 709 2874 catalogi
727 2807 916 2872 scriptionem,
935 2821 989 2872 quo
1006 2805 1176 2858 voluntatem
1194 2822 1272 2858 suam
1289 2810 1424 2873 probaret

308 2897 430 2962 Principi
447 2913 512 2961 sno,
532 2897 579 2962 qui
598 2896 622 2947 ei
640 2895 692 2946 hoc
708 2909 806 2946 munus
822 2894 1003 2960 imposuerat.
1039 2894 1095 2945 Sed
1112 2895 1166 2945 etsi
1184 2896 1321 2962 integrum
1343 2897 1424 2963 quin-

309 2985 467 3052 quennium,
491 2981 564 3050 quod
585 2983 630 3034 hio
651 2982 801 3048 transegit,
823 2981 853 3031 in
870 2981 939 3032 illud
956 2995 1024 3048 opus
1041 2982 1234 3049 impendisset,
1258 2989 1421 3036 accuratum

308 3079 399 3126 tamen
423 3074 533 3123 censum
556 3070 897 3136 quadringentorum
918 3051 1067 3136 triginta
1086 3074 1120 3122 et
1140 3072 1245 3122 unius
1262 3070 1422 3125 codicum

308 3173 507 3228 graecorum
525 3173 608 3223 agere
624 3171 680 3208 non
697 3157 843 3222 potuisset.
879 3157 960 3220 Quod
979 3171 1059 3208 nemo
1076 3158 1165 3209 nescit
1185 3157 1241 3209 nisi
1258 3155 1421 3225 quihujus-
1492 3196 1493 3215 .

275 3237 285 3261 '¹
307 3248 380 3300 modi
397 3248 568 3314 negotiorum
585 3245 720 3296 rationem
736 3247 860 3312 ignorat,
878 3245 908 3296 et
925 3246 985 3312 ipse
1001 3238 1129 3311 expertus
1147 3259 1223 3311 sum,
1241 3261 1304 3298 cum
1322 3247 1420 3301 decen·

308 3335 468 3386 nio-abhinc
485 3349 569 3384 unum
586 3332 754 3399 alterumque
771 3333 871 3384 librum
888 3346 1018 3400 gracum
1034 3345 1116 3386 macr.
1137 3345 1305 3387 recenserem
1321 3351 1359 3388 ex
1374 3336 1419 3402 iis,
1491 3386 1493 3403 ,

195 3485 200 3492 ¹
308 3422 368 3487 qui,
388 3421 573 3472 intercedente
590 3421 792 3486 augustissimo
816 3421 943 3487 Principe
960 3425 1054 3472 nostm
1071 3421 1283 3490 faventibusque
1303 3426 1418 3492 reliquis

307 3507 492 3573 Principibus,
520 3523 581 3560 curn
606 3507 700 3558 latinis
726 3508 831 3574 aliquot
856 3509 948 3573 libris,
975 3510 1093 3576 triginta
1118 3515 1182 3560 octo
1204 3525 1319 3562 numero
1339 3513 1417 3579 quasi

307 3593 473 3660 postliminio
490 3597 570 3647 nubis
594 3595 716 3646 restituti
735 3598 810 3646 sunt.
846 3593 909 3646 viu.
929 3599 1027 3647 nostra
1042 3595 1226 3648 Meletemata
1239 3613 1256 3648 e
1272 3598 1417 3666 disciplina

308 3682 494 3748 antiquitatis,
516 3687 596 3748 parte
617 3683 640 3734 I.
665 3683 742 3749 Lips.
768 3683 848 3734 1817.
888 3683 1002 3734 Utinam
1019 3684 1076 3735 Gal.
1100 3687 1133 3736 B.
1153 3686 1256 3736 Hasius
1273 3687 1417 3738 Parisinus

213 3813 217 3822 .
307 3769 410 3836 Regiae
426 3769 612 3822 Bibliothecae
630 3770 746 3822 Curatur
763 3769 843 3820 edere
859 3771 1011 3836 potuisset,
1029 3785 1109 3837 quem
1124 3772 1316 3837 meditabatur,
1337 3775 1415 3826 Cata·
1441 3823 1443 3827 .

270 3869 275 3882 “
303 3857 399 3924 γΙοςιιιι
420 3858 540 3908 omnium
563 3873 654 3919 eorum
676 3859 800 3910 codicum
820 3873 886 3910 mss.
904 3860 953 3925 qui
968 3875 985 3909 e
1006 3860 1143 3912 Vaticana
1164 3861 1195 3911 in
1209 3861 1325 3927 Regiam
1340 3863 1415 3914 Pari·

200 4011 204 4016 ·
309 3946 424 3999 siensem
440 3945 616 3996 transierant.
654 3945 710 3997 Sed
726 3946 813 3998 abeo
840 3946 899 3997 viro
918 3946 1077 3998 doctissimo
1094 3945 1200 4012 majora
1217 3952 1415 4014 exspectamus,

308 4034 333 4084 si
349 4032 470 4098 qnando,
489 4033 621 4099 quidquid
636 4034 765 4085 librorum
777 4049 876 4100 graece
887 4035 1051 4101 scriptorum
1064 4036 1093 4086 in
1106 4049 1141 4086 ea
1155 4034 1321 4088 bibliotheca
1331 4039 1414 4105 Regis

307 4122 393 4184 inest„
412 4124 539 4172 accurate
556 4137 575 4170 a
590 4135 620 4172 se
637 4111 803 4187 descriptum
820 4121 971 4188 evulgabit

378 4207 405 4275 9)
429 4209 646 4260 communicavit
673 4202 828 4261 liberaliter
843 4211 893 4261 has
916 4211 1048 4277 epistolas
1071 4225 1192 4274 mecum,
1220 4211 1370 4263 Manhemii
1386 4214 1413 4264 in

308 4298 431 4347 vetustis
443 4297 577 4349 schedulis
596 4313 613 4348 a
629 4313 659 4348 se
677 4303 818 4364 repertas,
837 4299 936 4362 Batt,
954 4299 1146 4364 Philosophiae
1162 4300 1279 4363 Ductor,
1297 4301 1341 4350 vir
1356 4317 1412 4350 eru-

309 4382 459 4444 ditissimus
483 4385 602 4452 mihique
624 4386 814 4438 amicissimus.
849 4387 899 4438 Eis
922 4403 988 4454 ego,
1012 4388 1098 4439 sicubi
1121 4388 1309 4454 explicationis
1327 4388 1411 4440 lucem

204 4471 206 4488 '
306 4473 448 4540 postulare
462 4470 640 4540 uidebantur,
656 4475 772 4528 notulas
784 4474 954 4540 adjiciendas
968 4476 1137 4530 existimavi.
