3167 5192
1191 493 1248 560 ¹21

126 649 132 658 Χ
149 660 321 746 Speremus
342 659 442 746 igitm
462 657 544 744 iore,
562 668 600 725 nt
618 661 831 749 semendbns
850 660 1069 728 voluminibus
1089 661 1151 734 hoc
1166 683 1251 728 eom-

147 783 286 849 pensare
305 759 458 828 studeant
477 761 561 847 regii
585 762 635 828 illi
656 771 856 850 geometrae,
887 767 989 852 eoque
1010 764 1119 830 studio
1139 787 1176 830 se
1196 765 1251 832 ad·
1299 757 1301 765 ⁸

148 885 286 948 gregare
316 863 421 928 velint
435 862 437 867 ’
450 861 670 948 Dicaearcho,
702 867 759 954 qui
786 887 806 930 a
834 865 942 932 Plinio
973 865 1030 943 (Η.
1059 865 1250 944 N.„11.oe.

147 987 177 1051 p.
191 968 263 1030 105.
280 964 457 1051 Harduiu.)
477 965 552 1048 „vir
571 967 690 1032 dicbus
706 968 856 1055 inprimis
875 967 1031 1050 eruditus,
1051 989 1156 1047 reputo
1175 976 1252 1036 curet

145 1087 319 1145 persensus
346 1069 486 1133 mmles.“
531 1069 789 1135 celebrabantur
814 1071 901 1135 enim
927 1069 1023 1156 hujus
1045 1070 1253 1158 Peripatetici
1291 1101 1293 1105 ·

148 1165 406 1253 κατομετοήοεις
431 1172 500 1234 τόν
528 1169 566 1236 ἐν
590 1168 840 1260 Πελοποννήσῳ
863 1165 954 1254 ὀροῖν
983 1170 1114 1258 (Seidas
1138 1174 1173 1238 in
1191 1179 1251 1258 Δο-

95 1308 96 1311 =
148 1273 319 1355 καίορχος,
342 1269 385 1334 cf.
409 1269 555 1335 Reinesii
574 1271 760 1340 Observatt.
783 1276 819 1339 in
842 1274 933 1340 Suid.
956 1295 988 1360 p.
1014 1277 1068 1338 68.
1096 1273 1146 1340 ed.
1173 1274 1250 1341 Chr.

149 1374 285 1439 eoeoe.
307 1371 485 1457 numm).
527 1374 579 1440 Ae
599 1373 743 1443 ecesse
763 1377 885 1465 neque,
908 1375 966 1440 ns
986 1375 1183 1442 Dicaearchi
1205 1343 1273 1442 uf

148 1479 332 1540 mensiones
360 1475 517 1541 montium
544 1477 761 1565 Peloponnesi
790 1479 826 1543 in
851 1476 996 1544 fontibus
1021 1477 1124 1544 fuisse
1142 1501 1251 1544 rerum

148 1575 446 1663 Geogrsphiearum
467 1575 631 1644 Straboni.
675 1573 759 1644 Nam
784 1581 819 1644 in
840 1579 1058 1664 descriptione
1078 1580 1250 1666 Arcadiae,
1315 1614 1319 1622 ¹
1439 1639 1443 1650 .

146 1677 200 1742 nbi
228 1701 250 1742 a
277 1677 431 1764 Cyllenes
463 1681 584 1745 montis
614 1680 787 1775 altitudine
818 1679 1005 1746 delinienda
1036 1681 1253 1768 proficiscitur

148 1779 253 1861 (VIII.
281 1783 309 1843 1.
330 1800 364 1865 p.
389 1781 462 1854 316.
485 1780 634 1869 Turb),
661 1783 743 1848 hoec
763 1783 889 1870 profert
911 1782 1143 1873 Geogrepbus:
1167 1781 1251 1870 deos

147 1879 181 1943 ἐν
200 1875 290 1966 αὐτῇ
309 1878 486 1966 Κυλλήνη·
505 1879 568 1966 τὴν
589 1887 677 1968 γοῦν
696 1883 846 1950 κάθετον
862 1883 970 1968 οἱμὲν
986 1889 1091 1952 sinoce
1106 1889 1251 1954 erudisse

146 1986 259 2070 φασίν,
283 1979 363 2048 otd'
382 1977 466 2048 ὅσον
486 1985 585 2052 πέντε
605 1987 661 2052 καὶ
679 1985 770 2052 δέκα.
793 1987 872 2052 Fuit
890 1987 1023 2074 insuper
1044 1991 1142 2056 tertia
1161 2012 1249 2056 men-

147 2104 227 2171 sura,
251 2107 336 2174 quae
357 2084 557 2172 Apollodoro
575 2090 701 2156 auctori
721 2088 878 2154 attributa
896 2090 1140 2156 accuratissima
1160 2088 1250 2158 vide-

144 2194 193 2251 tur
215 2187 255 2252 Ο.
280 2187 321 2252 Ο.
337 2187 496 2255 Muelloro
515 2191 564 2278 (in
581 2189 682 2256 libro:
703 2196 760 2256 Die
774 2195 893 2256 Durior.
914 2189 941 2254 Ι.
964 2213 997 2277 p.
1011 2193 1062 2258 64.
1085 2193 1128 2258 ο1.
1151 2193 1250 2282 Apol·

145 2289 246 2356 lodori
274 2290 397 2377 Fragg.
422 2313 456 2378 p.
486 2296 559 2356 460.
585 2293 735 2380 Heynii).
783 2291 989 2358 Dicaearcho
1019 2303 1127 2362 autem
1160 2296 1251 2362 illem

144 2395 342 2460 mensionem
368 2392 497 2476 deberi,
527 2415 611 2482 quae
632 2417 653 2458 a
674 2394 835 2464 Strabone
854 2394 996 2461 secundo
1017 2393 1088 2464 loco
1110 2399 1250 2487 ponitur,
1363 2475 1367 2486 .

144 2496 298 2562 discimus
326 2518 344 2560 e
369 2495 501 2562 Gemini
524 2496 705 2563 Elementis
731 2497 961 2564 Astronomiae
990 2499 1036 2585 (p.
1056 2503 1097 2564 55
1118 2521 1167 2588 sq.
1190 2501 1251 2568 Pe·

143 2601 252 2684 tavii):
274 2598 341 2666 Kal
362 2599 432 2664 ἔστι
449 2595 513 2682 μὲν
533 2601 591 2682 τῆς
608 2594 788 2683 Κυλλήνης
808 2594 851 2664 τό
873 2593 976 2676 ὕψος
998 2602 1173 2666 ἔλασσον
1193 2601 1249 2688 ιε’,

143 2693 194 2776 ὡς
222 2703 486 2784 Δικαίαρχος
513 2697 743 2787 ἀνομττοικοῐς
770 2701 857 2789 (lege
886 2723 904 2766 e
933 2704 1081 2788 margine
1105 2705 1249 2772 Petavii:

143 2795 453 2886 dvopspssppsor'gl
475 2804 538 2868 τοῦ
558 2802 826 2888 ὃὲΣτταβορίον
843 2797 993 2868 ἐλάσσων
1012 2803 1079 2870 ἐστὶ
1101 2799 1122 2888 ἡ
1145 2803 1250 2872 κάθε-

144 2925 195 2980 τος
224 2904 373 2970 arnume
402 2901 443 2969 ut
480 2910 548 2988 (γρ.
577 2907 670 2970 stad.
698 2902 728 2970 6
755 2925 859 2989 marg.
890 2905 1030 2992 Petam).
1062 2907 1250 2978 ,Praeterea

143 3006 369 3092 corrigendum
390 3016 457 3074 est:
475 3002 685 3092 Ἀταβυρίου.
712 3006 798 3072 Nam
813 2984 941 3072 Rhodio
955 3007 1003 3072 illi
1016 3010 1118 3074 monti
1131 3033 1249 3078 nomen

95 3176 96 3179 ,
142 3101 435 3195 1οἰτἈτοβύοιον,
463 3104 798 3194 succinctissime
830 3109 885 3193 (ci.
914 3109 1038 3198 Heynii
1063 3120 1142 3178 nott.
1162 3113 1247 3180 critt

95 3212 96 3215 ’
143 3211 175 3273 iu
187 3209 382 3297 Apollodori
391 3211 548 3291 Biblioth.
571 3235 603 3299 p.
617 3209 716 3298 146),
736 3212 824 3300 qnod
844 3214 954 3280 uesoio
975 3235 1041 3300 qua
1057 3217 1248 3282 auctoritate
1299 3247 1302 3258 .

142 3310 243 3378 fretus
263 3308 556 3416 Atabyro‘s'nuper
576 3315 707 3401 scripsit
725 3315 859 3380 Rostius
880 3315 915 3380 in
934 3319 1055 3382 Rhodos
1080 3337 1113 3402 p.
1135 3316 1204 3404 8.*)

223 3415 383 3482 Revertor
403 3417 439 3480 in
452 3416 660 3501 Argolidsm3
682 3415 777 3501 cujus
799 3416 1050 3505 descriptionem
1070 3417 1181 3485 multis
1199 3428 1266 3486 ea..
1346 3428 1361 3452 ⁸

95 3505 98 3517 ’
141 3513 224 3592 bulis
244 3523 392 3582 ornatam
412 3517 562 3584 exhibuit
582 3523 659 3583 Guit
675 3524 748 3594 eeu,
772 3518 961 3588 Britannus.
990 3521 1247 3604 Londini18103

142 3618 197 3704 qui
215 3619 304 3684 idem
323 3620 359 3683 iu
378 3619 545 3707 publicum
567 3620 689 3685 emisit:
716 3625 870 3704 Itinerorp
891 3629 929 3703 of
946 3629 994 3690 tte
1017 3628 1137 3701 Mores,
1166 3624 1246 3693 ibid.

144 3721 231 3786 1817.
276 3721 396 3788 Postea
415 3745 495 3788 vero
513 3731 643 3810 nosnos
667 3723 831 3791 (insonus
847 3725 1063 3790 Onornunus
1084 3725 1247 3792 Munien-

144 3837 204 3886 Rus
231 3827 262 3889 ei
289 3816 482 3911 peninsulae
512 3825 677 3910 insignem
705 3848 816 3891 euram
848 3826 998 3892 adhibuit
1030 3827 1248 3895 describendi

143 3927 224 3991 nort
240 3927 357 3993 nent
376 3927 596 4016 geographici
616 3927 843 4015 Peloponnesi.
888 3929 928 3994 In
945 3930 1016 4015 ejus
1037 3929 1170 3998 tabulae
1192 3951 1246 3994 ex-

143 4026 312 4112 plicatione
334 4029 466 4116 adjeett
485 4030 592 4116 operi,
614 4031 700 4118 qnod
720 4030 926 4098 inscribitur:
952 4037 1008 4099 Die
1028 4039 1144 4112 Dortsr,
1166 4031 1246 4099 haec

205 4292 230 4364 *)
245 4296 290 4348 cf.
304 4286 544 4349 nuncDicaearchi
552 4263 682 4347 Messenii
692 4290 762 4360 quae
774 4281 919 4360 supersunt
931 4293 1110 4350 ed.M.Fuhr.
1123 4297 1249 4368 Dermst.

145 4381 215 4435 1841.
237 4400 265 4449 p.
286 4382 347 4436 128.
372 4389 399 4435 et
417 4399 487 4450 qnae
504 4383 604 4450 partim
621 4383 650 4432 in
673 4382 725 4433 hoc
742 4382 846 4435 editore
864 4384 981 4436 correxit
1000 4383 1113 4434 Carolus
1132 4381 1245 4436 Mueller

145 4466 172 4517 in
188 4471 361 4538 Fragmentis
377 4468 575 4524 Historicorum
591 4465 835 4528 Graecorum'vol.
849 4471 887 4526 ΙΙ.
905 4489 932 4543 p.
950 4471 1001 4528 253
1020 4484 1079 4538 sqq.
1101 4501 1105 4508 ·
