3167 5192
1268 406 1454 531 sss

170 600 291 657 neret
304 593 566 681 quedammodo,
594 600 627 657 et
651 607 764 658 aarum
791 594 917 657 semina
942 592 1118 681 quaedam,
1146 596 1214 661 unt
1234 610 1308 661 eum

171 692 324 779 legibus
342 692 518 779 Romanis,
537 694 581 761 ad
595 702 727 760 nonnae
742 714 847 783 usque
865 691 1041 762 memoriae
1061 696 1211 763 civitates
1233 712 1307 787 p'rb·

170 804 341 883 Pssssml·
545 850 556 869 κ
878 822 882 831 ·

279 897 426 965 Athenas
453 898 579 983 tamen,
604 906 641 964 ut
661 898 726 963 hnc
752 904 916 982 revertar,
944 898 1022 964 vivo
1050 899 1149 965 etiam
1177 894 1307 986 Solone,

172 1002 367 1087 occupavit
396 1000 605 1086 Pisistratus,
638 1008 671 1066 et
700 998 880 1066 identidem
914 1001 1039 1087 ejecbrs
1072 1002 1307 1089 restitutusquc

171 1104 351 1189 perpetua
375 1104 510 1169 tandem
535 1110 696 1191 potestate
716 1100 832 1167 tenuit.
877 1102 993 1191 Neque
1020 1112 1130 1168 tamen
1149 1102 1206 1169 ille
1224 1124 1306 1173 rem·
1388 1172 1395 1185 ,
1471 1186 1474 1193 ι

173 1204 361 1291 publicam
374 1205 598 1289 conturbavit,
621 1206 681 1272 sed
701 1204 831 1271 Solonis
853 1206 983 1293 legibus
1006 1214 1038 1271 et
1057 1208 1148 1272 cives
1169 1195 1218 1273 uti
1234 1222 1307 1294 pas-

176 1327 248 1371 sus
272 1315 338 1391 est,
369 1317 403 1373 et
426 1309 499 1395 ipse
520 1308 562 1371 iis
583 1308 775 1376 satisfacere
793 1308 928 1374 studuit.
974 1306 1087 1389 Quid?
1108 1308 1210 1391 idem,
1233 1322 1307 1371 cum
1386 1332 1390 1343 ¹

174 1410 264 1495 ipse
288 1412 342 1475 vir
362 1410 478 1476 doctus
505 1419 606 1495 esset,
633 1430 791 1499 suamque
813 1410 1033 1499 eloquentiam
1060 1406 1164 1475 literis
1188 1408 1306 1475 insana

175 1512 310 1595 xisset,
340 1530 453 1579 aarum
479 1512 660 1579 ubertatem
688 1521 722 1580 et
748 1513 945 1601 elegantiam
968 1514 1003 1578 in
1032 1526 1164 1579 suormn
1185 1512 1313 1577 civiumv

177 1614 363 1693 commoda
386 1617 535 1683 converti
556 1615 672 1682 voluit.
717 1616 879 1699 Quocirca
900 1624 933 1681 et
953 1614 1097 1681 musicae
1115 1611 1194 1677 artis
1214 1630 1306 1699 prae-
1428 1664 1432 1675 .

178 1716 272 1801 sicli,
290 1717 439 1805 Apollini
460 1718 590 1811 Pythio,
613 1718 756 1808 levique
777 1719 931 1811 Olympio
952 1717 1109 1807 templum
1132 1714 1306 1797 exstruxit,

179 1826 219 1883 et
250 1819 395 1885 omnium
421 1822 546 1909 primus
573 1822 678 1887 fertur
702 1822 738 1886 in
765 1824 806 1887 et
832 1821 915 1887 urbe
936 1818 1170 1886 bibliothecam
1196 1816 1306 1882 condi-

180 1920 299 2004 disse,
331 1922 540 2012 scholamque
570 1925 753 1991 instituisse
768 1913 816 1988 'in
848 1924 969 2011 Lyceo.
1019 1920 1113 1985 Idem
1139 1918 1306 2007 Orpheum

181 2022 421 2109 Crotoniaten,
450 2034 581 2113 poetam
606 2029 749 2115 epicum,
782 2029 935 2091 insuam
963 2021 1221 2089 familiaritatem
1249 2021 1305 2087 ad·

181 2126 300 2191 scivit.
344 2126 524 2193 Homerum
545 2137 655 2195 autem
676 2152 776 2219 quum
790 2126 1044 2193 Atheniensium
1061 2124 1168 2187 civem
1189 2122 1306 2187 haberi
1349 2129 1358 2149 ‘

180 2228 308 2314 vellet,
328 2238 441 2318 utpote
457 2229 599 2319 Smyrna
624 2233 799 2298 oriundum
818 2230 860 2295 ab
882 2224 1138 2293 Atheniensibus
1160 2224 1304 2311 condita,

182 2331 290 2420 hujus
319 2342 435 2419 poetae
470 2334 615 2399 carmina
647 2334 785 2401 confusa
816 2338 913 2398 antea
941 2327 1142 2417 disposuisse
1174 2326 1304 2392 dieitur.

183 2435 231 2501 In
259 2458 327 2523 qua
352 2435 454 2524 opert
479 2433 533 2500 vel
553 2443 681 2522 patrem
708 2435 838 2524 adjuvit
863 2430 918 2498 vel
938 2438 1110 2518 paternum
1132 2428 1305 2497 censffium

182 2547 365 2605 exsecutus
389 2546 441 2604 est
466 2536 676 2626 Hipparchus
702 2538 808 2622 filius,
838 2535 894 2625 qui
911 2534 974 2599 hoc
992 2534 1187 2623 praesertim
1213 2533 1306 2599 insti»

182 2643 293 2707 tuisse
314 2640 472 2723 traditur,
498 2648 535 2704 ut
561 2640 620 2706 illa
641 2644 788 2707 carmina
808 2639 921 2728 quinto
941 2656 1070 2723 quoque
1092 2656 1177 2702 anno
1200 2636 1305 2701 Pana·
1336 2684 1343 2719 ,

183 2743 404 2809 thenaeorum
419 2742 504 2807 leste
521 2764 543 2807 a
562 2739 750 2831 Rhapsodis
767 2742 994 2809 recitarentur.
1038 2737 1114 2805 llon
1135 2747 1185 2805 est
1205 2738 1304 2827 hujus

184 2846 264 2929 loci,
288 2838 512 2911 uenationum
530 2844 699 2912 haedere
718 2826 912 2912 varietatem
925 2842 1088 2931 persequi,
1107 2842 1190 2908 illud
1208 2859 1304 2909 neme
1405 2853 1407 2861 '

185 2950 339 3033 euehat,
363 2946 615 3015 saluberrimum
638 2949 778 3015 Athenis
808 2942 1105 3013 fuisse'Pisistrati
1127 2943 1304 3009 Pisistrati-

185 3053 371 3140 das-umque
390 3050 578 3137 imperium,
598 3072 673 3119 cum
695 3051 769 3116 aliis
790 3050 906 3129 rebus,
936 3056 1006 3112 tum
1024 3044 1185 3112 bonarum
1203 3059 1304 3133 prae-

187 3156 304 3221 sertim
325 3155 444 3220 srtium
466 3154 590 3239 insigni
604 3156 804 3241 adJ'umento.
848 3147 981 3215 Etenim
1002 3148 1212 3237 Hipparchus
1232 3156 1303 3213 tan-

184 3266 259 3323 tum
281 3256 405 3341 abicit,
425 3263 462 3321 nt
482 3258 593 3343 gravis
615 3258 788 3323 exsisteret
816 3254 884 3320 suia
904 3252 1032 3319 civibus
1038 3300 1047 3335 ,
1069 3260 1107 3317 ut
1135 3250 1170 3315 hi
1189 3258 1306 3338 postea

188 3358 253 3425 sub
273 3378 313 3425 eo
332 3379 414 3444 sese,
431 3366 598 3447 tamquam
615 3359 676 3425 sub
694 3358 848 3443 Saturno,
871 3380 1006 3427 aureum
1027 3354 1191 3446 quoddam
1213 3373 1304 3420 secu-

188 3463 258 3528 lum
278 3463 403 3528 vixisse
423 3461 662 3550 praedicarent.
706 3460 751 3527 Et
765 3462 877 3545 Plato,
898 3460 952 3527 vel
976 3459 1129 3548 quisquis⁴
1145 3458 1216 3545 ejus
1235 3454 1302 3523 dlar

188 3566 261 3651 logi
288 3571 493 3648 auctorest,
521 3565 578 3652 qui
604 3564 788 3654 Hipparchi
815 3566 947 3631 nomine
973 3560 1178 3645 inscribitur,-
1203 3555 1304 3647 hujus
1389 3634 1396 3645 ,

188 3666 257 3732 viri
285 3666 478 3753 sapientiam
505 3665 667 3751 dilaudat,
696 3666 891 3734 Heraclides
920 3674 1029 3731 autem
1049 3664 1205 3730 Ponticus
1227 3672 1304 3728 eth»
1384 3738 1388 3749 Ι

190 3768 268 3834 dem
293 3762 506 3851 φιλόμουσον
537 3767 627 3833 dicit.
676 3771 728 3835 Ac
755 3778 955 3859 quantopere
984 3764 1041 3832 ille
1067 3766 1237 3854 Musarum
1256 3759 1304 3841 ia*-

189 3869 297 3936 mnlos
310 3870 353 3933 'in
374 3868 501 3935 deliciis
529 3869 697 3955 habuerit,
719 3870 845 3960 liquido
873 3872 968 3939 docet
988 3868 1205 3937 Anacreontis
1228 3864 1304 3955 Teji

160 4048 167 4061 .
189 3971 398 4037 familiaritas
430 3970 672 4061 Simonidiequc
700 3973 778 4058 Oei3
806 3995 943 4063 quorum
964 3973 1073 4057 illum,
1092 3969 1194 4037 missa
1208 3970 1302 4057 quin·
1447 4056 1450 4062 y

190 4076 349 4164 quaginta
374 4096 537 4142 remorum
554 4098 656 4161 nave,
687 4075 784 4142 Samo
803 4078 950 4145 Athenas
972 4078 1105 4163 accivit,
1132 4074 1219 4137 hunc
1246 4083 1301 4138 au.-
1396 4127 1397 4130 ,

189 4188 257 4243 tem
279 4198 408 4265 semper
428 4200 538 4245 secum
559 4178 687 4264 habuit,
715 4182 837 4265 magna
863 4181 1014 4247 mercede
1039 4180 1069 4243 ei
1100 4170 1301 4267 persuadens

192 4280 448 4369 lautissimisqne
467 4281 666 4348 muneribus.
711 4279 932 4347 Familiariter
955 4282 1035 4347 item
1054 4293 1134 4345 usus
1156 4276 1301 4364 aliqnan-

192 4385 295 4473 tisper
316 4393 365 4450 est
386 4374 613 4469 Onomacrito,
634 4394 667 4451 et
681 4386 753 4475 ipso
771 4386 888 4473 poeta,
911 4384 1089 4478 eodemque
1108 4380 1301 4473 adjuvanda

701 4571 707 4611 l
