3167 5192
311 498 371 576 ιν
468 450 473 461 “

304 652 488 753 destinatos
506 659 525 733 ὁ
545 660 793 751 Ἠλεκτρύονος
815 688 845 733 κ.
865 688 893 733 s.
914 670 943 733 1.
982 662 1074 743 Quae
1096 664 1289 753 Perlegetae
1311 666 1430 732 verba

303 770 338 835 in
361 791 453 837 suam
465 774 638 851 Aroolidem
658 770 757 835 etiam
777 767 889 833 retulit
903 766 1018 833 Gallus
1037 789 1070 855 p.
1084 772 1139 832 61:
1161 766 1223 852 „In
1237 767 1293 834 the
1309 768 1430 833 direct

303 894 376 961 way
395 881 432 938 to
450 872 506 938 the
525 872 747 959 gymnasium,
765 868 872 937 which
893 870 921 935 is
944 867 1051 935 called
1071 868 1142 933 that
1163 868 1200 935 of
1220 864 1429 955 Cylarabus‚
1485 926 1486 935 ,

303 974 332 1038 is
353 972 409 1039 the
424 971 515 1037 tomb
533 974 572 1039 of
587 974 790 1061 Licymnius,
812 971 867 1039 the
885 992 944 1037 son
966 970 1004 1037 of
1022 970 1236 1059 Electryon.“
1248 1008 1292 1022 -
1313 970 1429 1036 Nobi·
1485 998 1486 1045 1

303 1076 413 1141 litatus
431 1084 546 1160 postea
568 1084 618 1140 est
637 1075 725 1141 idem
744 1074 837 1141 locus
853 1071 946 1137 obitu
960 1072 1081 1160 Pyrrhi
1096 1076 1201 1159 regis3
1223 1094 1321 1161 quem
1341 1072 1428 1140 Plu·
1485 1144 1486 1161 χ

303 1176 435 1245 archus
456 1174 561 1254 refert
582 1177 630 1263 (in
645 1176 773 1264 Pyrrho
785 1174 950 1243 XXXIV.
967 1196 1000 1261 p.
1014 1178 1066 1239 77.
1089 1174 1141 1241 ed.
1153 1173 1286 1243 Baehrii
1298 1175 1428 1267 nostri,
1485 1174 1486 1183 ’

303 1278 398 1367 cujus
417 1278 670 1347 Annotationem
691 1278 843 1344 conferas
864 1276 964 1343 velim
984 1299 1017 1363 p.
1032 1278 1094 1347 243
1106 1277 1181 1365 eqd,
1195 1285 1427 1365 ,posteaquam

302 1385 338 1448 in
367 1380 492 1469 proelio
524 1382 612 1467 apud
638 1381 748 1466 Argos
779 1380 952 1447 commisso
981 1382 1124 1470 primum
1155 1380 1269 1449 lanosi
1298 1378 1427 1443 leviter

302 1485 402 1567 ictus,
435 1482 554 1548 deinde
579 1482 694 1570 tegula
720 1483 868 1567 Argivae
891 1482 1038 1549 mulieris
1065 1503 1164 1551 manu
1189 1483 1225 1551 iu
1240 1488 1346 1568 caput
1365 1481 1424 1546 de-

298 1586 391 1673 jecti
410 1584 556 1670 maniter
577 1585 768 1651 vulneratus
787 1590 889 1665 esset,
918 1604 961 1649 ex
987 1604 1070 1669 equo
1090 1583 1278 1671 prolapsum
1295 1582 1341 1647 ad
1363 1582 1424 1649 Li·

271 1708 277 1716 ’
302 1687 426 1774 oymnii
451 1675 694 1755 monumentum
722 1683 922 1753 concidisse:
943 1722 987 1737 --
1008 1679 1123 1761 Αὐτὸς
1148 1684 1185 1753 tl
1202 1682 1423 1768 κατενεχθεὶς

303 1783 394 1872 παρὰ
412 1784 474 1854 τὸν
501 1792 565 1855 τοῦ
592 1788 784 1872 Λιννμνίού
810 1781 915 1870 σηκὸν
939 1786 1075 1872 ἔπεσεν,
1101 1781 1169 1855 ὑπὸ
1188 1790 1257 1855 τῶν
1278 1790 1424 1853 πολλῶν

302 1884 540 1975 ἀγνοούμενος.
566 1889 665 1972 Quod
684 1890 714 1955 si
734 1890 816 1955 haec
835 1910 909 1955 eum
925 1887 1108 1955 Pausanias
1126 1889 1237 1957 verbis
1252 1885 1421 1971 conferas,

302 2012 505 2079 consequens
529 2000 587 2076 est,
607 1990 773 2078 Licymnii
796 2000 1052 2076 monumentum,
1073 1992 1131 2059 ubi
1153 1991 1299 2079 Pyrrhus
1323 1990 1421 2073 obiit,

301 2097 448 2163 vicinum
467 2094 571 2161 fuisse
592 2095 763 2180 gymnasio
786 2093 941 2182 Cylarabi
962 2094 1109 2183 adeoque
1130 2094 1194 2182 ipsi
1214 2092 1288 2159 urbi
1308 2095 1420 2177 Argo-

301 2222 389 2283 rum,
419 2196 685 2285 quandoquidem
703 2218 757 2263 res
778 2198 852 2285 ipsa
874 2196 984 2281 docet,
1005 2215 1117 2283 regem
1133 2196 1186 2263 bis
1198 2195 1420 2277 vulneratum,

301 2323 364 2369 uec
385 2300 438 2366 sui
458 2306 655 2386 compotem,
676 2297 779 2365 frenis
800 2299 972 2387 projectis,
994 2320 1061 2365 non
1082 2284 1296 2386 perlongum
1315 2297 1419 2362 inter-

303 2403 426 2469 vallum
445 2401 581 2468 haerere
602 2401 750 2487 potuisse
770 2403 806 2467 in
822 2422 915 2488 equo.
946 2400 992 2465 Et
1010 2422 1084 2467 oum
1097 2400 1215 2469 Livius
1236 2396 1418 2482 (XXXIV.

304 2510 355 2571 25.
372 2506 419 2587 2.)
440 2504 561 2569 diserte
584 2502 681 2585 dicat,
704 2502 767 2567 boc
787 2504 996 2588 gymnasium
1016 2506 1144 2589 „minus
1162 2508 1324 2571 trecentos
1342 2522 1417 2587 pas-

301 2630 357 2675 sus
374 2606 477 2673 tussa
499 2604 541 2669 ab
560 2603 663 2669 urbe“
686 2604 897 2691 (Argorum):
919 2592 1121 2673 hauddubie
1135 2604 1284 2686 efficitur,
1306 2604 1418 2690 ipsum

116 2712 122 2727 '
162 2751 165 2760 ·
300 2709 464 2797 Licymnii
483 2704 669 2793 sepulerum
689 2706 810 2790 exiguo
832 2706 1004 2773 intervallo
1026 2707 1067 2773 ab
1089 2707 1204 2777 eodem
1221 2706 1304 2773 urbe
1318 2706 1417 2795 dissi·

300 2821 369 2879 tum
395 2811 508 2877 fuisse.
529 2845 573 2861 -
598 2805 692 2887 Quae
718 2828 794 2871 cum
823 2807 869 2870 ita
898 2809 979 2892 sint,
1012 2809 1093 2875 haec
1121 2830 1181 2896 pro
1212 2808 1310 2874 cartis
1334 2808 1416 2895 poni

300 2935 396 3001 posse
416 2911 576 2977 arbitrere
598 2909 739 2993 primum
744 2956 754 2990 ,
776 2929 886 2973 arcem
908 2908 999 2975 illam
1019 2909 1211 2997 Ideymnam
1234 2908 1335 2997 (quod
1357 2931 1416 2975 vo-

199 3034 206 3049 ·
235 3000 240 3012 ⁸
301 3015 453 3083 catulum
474 3010 658 3079 accuratius
678 3008 778 3075 scribi
797 3011 963 3077 videatur:
985 3012 1193 3100 Λίκνμνα*),
1210 3012 1306 3098 ¹‘siout
1327 3011 1415 3077 alius

301 3116 471 3203 Argolidis
493 3114 584 3180 loeus
600 3106 798 3196 Πρόσυμνα,
822 3110 986 3200 Stephano
1009 3114 1171 3201 Byzantio
1193 3136 1226 3201 p.
1238 3117 1311 3179 647.
1333 3113 1415 3179 Ber-

300 3218 368 3285 kel.
394 3227 426 3283 et
445 3218 510 3304 ipsi
532 3213 686 3291 Straboni
703 3212 799 3284 VIII.
818 3216 849 3282 2.
871 3237 903 3303 p.
919 3217 993 3283 232.
1018 3216 1187 3301 cognitum
1207 3238 1314 3304 neque
1330 3238 1415 3285 vero

301 3322 484 3404 Λικυμνίν)
512 3340 585 3384 eam
608 3318 710 3403 igitur
737 3338 846 3387 arcem
867 3318 932 3403 ipsi
953 3317 1028 3383 urbi
1050 3317 1204 3405 Tirynthi
1225 3321 1415 3405 contiguam

301 3423 355 3489 uel
386 3429 475 3491 certe
505 3420 649 3488 vicinam
679 3418 784 3510 fuime
815 3418 917 3507 (quod
943 3421 1004 3487 vix
1028 3420 1194 3506 intelligas
1226 3443 1246 3487 e
1274 3421 1417 3489 confusi

302 3524 438 3593 cellarii
458 3524 494 3588 in
517 3520 729 3608 Geogrsphii
748 3521 862 3607 Antiq.
888 3521 934 3587 ΙΙ.
960 3526 1009 3589 13.
1036 3544 1070 3609 p.
1094 3525 1188 3588 1'217.
1211 3524 1414 3611 notatione);

290 3648 408 3715 neque
428 3625 566 3712 proinde
580 3622 741 3710 Nauplius
762 3631 830 3686 tam
850 3624 1002 3709 vicinam,
1025 3646 1124 3710 quam
1146 3626 1334 3712 conjectura
1356 3626 1415 3693 du-

302 3739 374 3798 ctus
402 3749 484 3795 eem-
500 3728 610 3815 posuit
635 3724 749 3793 Gellus
777 3744 916 3813 eumque
943 3736 1074 3795 secutus
1102 3726 1141 3795 Ο.
1163 3727 1203 3793 Ο.
1225 3727 1415 3813 Muellerus,
1461 3802 1465 3807 ¹

302 3833 357 3900 hic
377 3831 509 3920 quidem
528 3831 564 3893 in
586 3826 699 3894 tabula
718 3828 779 3891 suh
800 3828 1030 3915 geographica*
1043 3827 1130 3895 infra
1150 3828 1414 3919 Naupliamme-

301 3934 419 4002 ridiem
438 3954 554 3999 versus
568 3929 820 4020 propemodum
843 3928 972 4013 deinde,
993 3921 1084 4020 illem
1099 3952 1208 3998 arosm
1222 3930 1326 4019 probe
1340 3953 1415 3998 esse

302 4035 566 4125 distinguendam
583 4055 604 4097 a
621 4030 787 4119 Licymnii
809 4029 976 4117 sepulcro,
997 4054 1090 4099 secus
1112 4042 1209 4121 atque
1229 4032 1287 4101 alii
1309 4034 1414 4121 suspi-

303 4141 368 4208 cati
395 4145 485 4221 sunt,
512 4134 689 4224 Tirynthe,
718 4135 754 4199 in
779 4131 867 4198 urbo
888 4132 943 4197 vel
970 4135 1004 4201 in
1028 4131 1102 4217 anos
1127 4134 1211 4201 illud
1228 4135 1413 4223 sepulemm

303 4248 507 4327 quaerentes.
551 4240 603 4337 Ac
629 4237 657 4303 si
683 4235 745 4303 hoc
764 4235 948 4323 sepulcrum
968 4256 1034 4314 uno
1055 4236 1215 4315 vocabulo
1238 4236 1412 4325 designau-
1456 4224 1459 4231 ’

371 4462 399 4529 *)
419 4464 495 4531 Papo
511 4468 604 4519 tamen
619 4453 759 4529 Δινύμνα,
778 4463 826 4529 qui
839 4463 1005 4545 Pausaniam
1020 4480 1080 4522 nen·
1090 4464 1197 4520 laudat.
1274 4509 1277 4517 .
