3167 5192
281 425 343 492 232

248 655 258 670 ,
283 592 346 657 hoc
364 597 459 678 pacto
475 591 646 674 inserviet,
676 597 727 673 nt,
755 590 873 678 quod'
864 613 903 655 ιιι
919 589 1124 690 philosophia
1147 581 1308 656 summum
1330 600 1392 676 est,

283 684 409 760 mature
435 695 630 759 adsuescant
657 693 810 760 bifariam
836 694 1033 781 disquirere,
1063 715 1169 780 neque
1191 701 1266 760 ante
1283 695 1395 760 teneri
1480 732 1481 762 ι

283 820 319 862 ιι
318 798 507 900 patiantur
535 795 724 878 adstrictos,
758 817 856 882 quam
876 795 955 882 quid
977 795 1131 882 optimum
1152 796 1209 880 sit,
1237 797 1393 883 judicare

318 883 418 965 ssint.
436 936 479 949 »-
790 941 797 951 -

282 923 325 988 P⁰
368 999 464 1080 Quod
484 999 613 1064 Plotino
632 997 784 1064 Proclum
806 999 957 1064 comitem
977 999 1106 1066 addidi:
1128 999 1246 1065 vellem
1264 999 1392 1086 utique,

211 1168 214 1175 ,
283 1104 415 1168 tertium
440 1102 620 1188 adjungere
640 1102 820 1188 potuissem
842 1102 983 1185 socium,
1012 1106 1207 1168 Plutarchum
1228 1107 1265 1166 dc
1282 1108 1397 1181 pulcro
1481 1099 1482 1120 ³

284 1212 348 1306 ipso
376 1204 603 1320 disputantem.
648 1203 771 1267 Verum
799 1202 855 1288 huj
858 1224 897 1266 us
923 1200 1001 1267 libri
1029 1225 1182 1290 umquam
1207 1203 1399 1290 reperiendi

285 1330 377 1396 spem
401 1306 583 1394 praecisam
601 1309 637 1370 in
652 1312 844 1393 perpetuum
866 1325 952 1386 esse,
979 1307 1014 1368 in
1032 1304 1090 1370 illa
1108 1305 1311 1392 praefatione
1333 1328 1398 1370 nos

287 1410 432 1496 Turpes
457 1408 605 1473 documii.
655 1408 771 1494 Itaque
799 1406 1029 1493 adjunxit
963 1405 1029 1470 Nat
1029 1405 1199 1472 ιιιιιιιιιιι
1230 1406 1398 1472 hominem
1482 1469 1483 1494 ,

288 1508 525 1593 Christianum,
557 1511 613 1597 qui
641 1512 739 1575 etiam
765 1517 879 1595 postea
906 1513 1085 1592 esinatae,
1111 1529 1209 1596 quam
1230 1508 1398 1573 frmestum

286 1613 369 1679 illud
393 1612 579 1677 incendium
600 1635 674 1677 cum
696 1611 994 1698 Constantinopolis
1021 1633 1140 1698 magna
1160 1619 1252 1698 parte
1273 1611 1398 1698 prisco-

286 1738 360 1780 rum
388 1714 581 1800 scriptorum
608 1714 715 1779 adhuc
735 1723 866 1777 servata
887 1721 1095 1778 monumenta
1115 1711 1284 1779 absumsit.
1330 1711 1399 1776 Sed

168 1807 170 1819 ’
288 1825 321 1882 ιι
340 1816 448 1882 demto
463 1815 638 1880 Plutarcho
653 1813 729 1879 Tibi
750 1814 941 1901 probabitur
962 1825 1099 1904 uterque
1121 1816 1162 1882 de
1177 1815 1400 1903 pulcritudine

289 1917 434 2001 libellus,
460 1916 651 2003 probabitur
682 1926 770 1983 certe
798 1939 857 1982 suo
885 1926 1093 2004 argumento,
1126 1917 1289 2005 siquidem
1315 1939 1401 1980 vera

289 2021 431 2108 loquitur
451 2018 616 2084 Graecum
632 2013 896 2105 proverbiumz‘'
876 2043 907 2104 o,
923 2042 954 2083 τι
970 2014 1086 2104 καλόν,
1109 2015 1242 2103 uttou’
1223 2024 1286 2104 αεί,
1304 2021 1400 2084 item·
1483 2025 1484 2040 ¹

288 2145 352 2210 que
377 2121 461 2186 illud
488 2114 641 2184 alterum.
658 2119 722 2199 δὶς
748 2119 805 2186 aul
833 2121 911 2222 τρὶς
930 2115 967 2184 τὸ
991 2118 1106 2186 καλόν.
1150 2123 1234 2186 Mihi
1255 2120 1401 2209 quidem,
1484 2198 1485 2220 ,

290 2246 372 2312 quae
404 2223 478 2288 Tua
507 2221 691 2287 humanitas
725 2234 788 2308 est,
823 2203 1047 2310 ubicunque
1038 2245 1072 2287 m
1103 2223 1240 2288 materia
1269 2221 1403 2288 difficili
1484 2223 1485 2290 l

290 2325 400 2413 lapsus
439 2324 546 2406 fuero,
580 2324 672 2388 Tu
662 2348 735 2412 ipse
770 2323 1016 2413 patrocinabere
1054 2324 1116 2390 hoc
1150 2325 1245 2390 tertio
1277 2323 1401 2409 adagio

291 2427 508 2492 Graecorum:
531 2423 656 2508 χαλεπὰ
676 2424 718 2492 sd
740 2425 835 2494 καλά.
853 2465 895 2478 —
913 2427 1029 2514 Itaque
1050 2426 1133 2512 vale,
1153 2425 1401 2515 Wyttenbachi,

292 2530 437 2616 meisque
459 2527 645 2611 conatibus,
667 2531 715 2594 uti
735 2553 823 2595 nunc
844 2529 942 2612 lacis,
966 2530 1064 2594 etiam
1085 2528 1220 2614 posthac
1241 2529 1329 2594 fave.

377 2629 568 2695 Scribebam
596 2630 837 2718 Heidelbergae
872 2631 904 2698 d.
937 2630 1000 2696 XI.
1034 2630 1202 2698 Kalendas
1230 2630 1401 2715 Augustas

293 2748 483 2800 nuceum.

365 2921 398 3008 7)
420 2935 613 2985 malarouta
634 2938 779 2988 HEUSDII
803 2937 852 2986 AD
876 2938 1084 2988 cuuuzuuutt
1104 2939 1190 2988 PARS
1211 2939 1332 2988 PRIOR.

378 3041 459 3106 Viro
487 3041 685 3142 amicissimo
712 3042 770 3107 Fr.
803 3042 1019 3108 Oreuaeros.
1047 3064 1080 3128 p.
1108 3042 1140 3107 d.
1170 3041 1229 3106 Ph.
1262 3042 1304 3108 G.
1327 3045 1403 3108 Van

420 3141 565 3207 Hermde.

254 3310 259 3319 ,
379 3246 495 3310 Annus
524 3254 573 3310 est
598 3246 846 3331 propemodum,
874 3267 972 3334 quum
994 3246 1078 3332 epist
1065 3246 1164 3310 tolam
1189 3245 1232 3310 ad
1253 3244 1301 3310 Te
1322 3248 1402 3311 sori-

296 3349 428 3430 bebam,
451 3369 549 3434 quam
561 3339 636 3411 'una
658 3369 732 3410 cum
749 3349 993 3414 Platonicorum
1017 3370 1162 3414 meorum
1183 3355 1275 3434 parte
1294 3349 1406 3434 priore

296 3452 384 3537 typis
408 3471 565 3535 expressa
587 3448 683 3514 brevi
710 3448 754 3512 ad
775 3448 823 3512 Te
849 3470 937 3514 eram
963 3448 1231 3516 transmissurus:
1265 3450 1406 3516 necdum

296 3561 406 3616 tamen
424 3551 526 3641 *edita
558 3559 608 3616 est
631 3549 705 3633 illa,
733 3570 795 3614 nec
823 3557 899 3615 ante
926 3551 1067 3616 mediam
1095 3560 1251 3616 aestatem
1278 3552 1405 3617 edetrsr.

299 3652 401 3739 hujus
427 3673 480 3714 me
503 3675 614 3718 morae
638 3653 847 3718 vehementer
879 3659 911 3715 et
936 3653 1045 3719 taedet
1067 3662 1099 3718 et
1121 3653 1237 3740 pudet,
1267 3653 1332 3720 Tui
1355 3656 1406 3719 in-

297 3755 425 3843 primis,
453 3753 514 3818 Vir
532 3756 669 3842 optime,
696 3774 820 3836 causa„
839 3756 959 3842 quippe
981 3756 1037 3842 qui
1060 3754 1208 3842 opusculi
1229 3757 1294 3820 mei
1320 3756 1407 3822 desi·
1436 3791 1438 3798 ·

298 3859 389 3924 derio
412 3858 553 3922 maxime
580 3857 686 3921 teneri
712 3855 821 3920 fassus
846 3877 892 3920 es.
937 3855 1002 3922 Sed
1027 3859 1138 3944 paucis
1161 3859 1273 3944 accipe
1294 3881 1407 3924 morae

298 3961 387 4026 illius
412 3982 558 4025 caueam:
584 3960 657 4024 Hae
682 3958 803 4041 hieme,
831 3960 941 4026 neseio
969 3982 1032 4048 quo
1058 3970 1169 4048 pacto,
1197 3959 1281 4025 forta
1302 3961 1408 4046 ipsius

300 4061 448 4126 Platonis
469 4062 639 4145 instinctu,
661 4061 704 4126 ad
722 4060 993 4128 conscribendum
1012 4063 1171 4130 adductus
1189 4085 1260 4128 sum
1279 4062 1407 4126 Fran-

302 4165 405 4227 cisci
427 4164 733 4229 Hemsterhusii
754 4161 917 4247 Elogium.
962 4164 1071 4252 Hujus
1093 4164 1278 4252 philosophi
1296 4163 1337 4228 ab
1356 4166 1407 4229 in-

304 4274 399 4330 eunte
432 4267 653 4340 adolescentia
676 4267 758 4332 miro
787 4265 927 4353 quodam
957 4267 1064 4333 studio
1091 4276 1123 4332 et
1155 4290 1263 4333 amore
1291 4276 1407 4354 captus

198 4434 202 4443 ,
303 4387 390 4452 aum,
422 4376 458 4432 ut
484 4369 554 4458 ejus
577 4369 703 4454 scripta
730 4390 796 4435 una
824 4390 897 4434 cum
924 4367 1101 4468 Platonicis
1129 4391 1257 4456 semper
1280 4391 1406 4436 summa
