3167 5192
306 443 366 509 tto

304 610 415 677 cilium
436 609 567 694 locavit,
584 610 646 675 hoc
668 616 727 693 est,
745 610 781 675 in
800 609 883 677 urbe
903 610 1069 679 literarum
1091 610 1275 700 artiumque
1296 610 1428 699 opibus

278 712 521 797 ·redundante,
554 710 641 775 idem
675 709 757 775 haec
788 712 958 779 commoda
994 714 1074 779 scite
1102 710 1348 801 liberaliterque
1382 715 1428 779 in

305 813 399 880 suum
420 835 614 901 suorumque
636 812 813 879 amicorum
831 816 1114 881 usumconvertit.
1144 814 1300 901 Arguunt
1321 823 1424 881 nota-

303 918 424 1000 tiones,
456 938 537 1004 quas
567 914 655 981 baud
679 936 800 1001 paucas
824 916 1028 983 ecodicibus
1044 915 1358 983 Vindobonensibus
1382 918 1426 983 in
1498 916 1499 933 ¹

303 1021 364 1086 hoc
384 1021 457 1107 ipso
478 1016 590 1083 libello
610 1016 827 1101 consignavit.
849 1056 891 1070 —-
913 1016 1016 1105 Cujus
1037 1040 1121 1107 quae
1142 1018 1227 1083 ratio
1248 1018 1301 1101 sit,
1324 1020 1424 1107 quod
1498 1066 1499 1077 η

128 1139 132 1147 ·
222 1162 227 1179 ·
302 1121 473 1189 consilium
493 1125 793 1205 argumentumque,
815 1120 886 1207 ipse
909 1120 1046 1207 scriptor
1066 1122 1102 1185 in
1121 1121 1182 1185 sud
1201 1119 1422 1187 Praefatione
1498 1116 1499 1177 ἶ

302 1234 370 1289 tarn
390 1223 498 1288 lucide
525 1240 564 1284 ac
592 1216 768 1304 diligenter
787 1220 974 1311 explicavit,
1004 1230 1040 1288 ut
1061 1244 1103 1286 ne
1124 1221 1261 1287 verbnm
1279 1224 1424 1309 quidem

303 1326 382 1393 addi
406 1344 542 1392 necesse
569 1320 624 1384 sit.
666 1319 810 1389 Proinde
837 1324 917 1413 quid
945 1332 1077 1391 secutus
1114 1324 1156 1389 sit
1188 1322 1266 1391 libri
1288 1332 1422 1409 auctor,
1458 1320 1499 1395 .’

302 1426 425 1492 nemini
457 1424 631 1490 obscurum
663 1444 736 1487 esse
763 1432 885 1511 potest:
914 1425 993 1513 quid
1018 1434 1203 1510 assecutus,
1232 1427 1424 1494 censebunt

302 1529 450 1594 homines
477 1524 580 1606 docti,
607 1521 803 1612 publiceque
830 1527 1096 1615 pronuntiabunt.
1140 1527 1254 1615 Neque
1274 1530 1364 1595 enim
1388 1532 1420 1595 is

302 1652 389 1713 sum,
417 1622 473 1717 qui
497 1626 552 1693 vel
578 1628 653 1696 met
679 1626 734 1691 vel
764 1648 910 1695 meorum
935 1630 1114 1697 amicorum
1145 1630 1252 1717 gratid
1273 1630 1419 1696 aliorum

302 1750 457 1796 censuras
477 1747 717 1816 praeoccupare
739 1726 871 1795 soleam.
901 1728 989 1797 Illud
1011 1732 1120 1797 dicere
1140 1752 1207 1797 non
1222 1732 1417 1817 reformido,

200 1903 204 1914 ¹
301 1830 382 1910 milri
405 1829 465 1895 has
491 1828 641 1918 plagulas
669 1850 689 1892 a
717 1830 809 1917 prelo
830 1833 998 1897 madentes
1019 1830 1231 1921 perlustranti
1249 1855 1326 1898 cum
1346 1832 1420 1897 alia

214 1959 218 1967 f
301 1933 462 2021 placuisse
485 1930 846 2018 Senuunannjndicia,
864 1940 934 1997 tum
951 1932 1013 2001 hoc
1031 1935 1196 2021 inprimis,
1216 1934 1305 2023 quod
1327 1933 1417 2001 Pau·

302 2028 432 2120 sanine,
456 2036 512 2123 qni
540 2056 643 2121 nuper
665 2055 686 2097 a
706 2032 817 2099 multis
838 2035 980 2123 iniquius
998 2044 1155 2103 uectatus
1177 2046 1241 2122 est,
1271 2038 1417 2103 auctori-

301 2147 401 2205 tatem
422 2136 539 2204 dextre
559 2136 770 2223 graviterque
793 2136 965 2201 vindicare
986 2138 1137 2204 instituit.

385 2240 494 2327 Atque
510 2238 586 2304 huic
601 2236 880 2325 praefatiunculae
888 2238 960 2324 jam
975 2238 1073 2305 finem
1083 2241 1251 2327 imponere
1267 2260 1416 2327 possum,

234 2357 241 2362 ·
294 2350 334 2433 ¹et
363 2340 556 2408 Lectoribus
588 2340 664 2407 valo
693 2340 817 2422 dicere,
849 2338 878 2403 si
903 2360 1036 2425 prorsus
1064 2334 1257 2429 ἀσύμβολος
1281 2342 1325 2407 ab
1350 2342 1418 2407 hac

301 2446 405 2513 coena
422 2443 591 2509 discedere
611 2442 722 2521 uelim.
766 2440 862 2505 Nunc
882 2440 1023 2507 advertit
1043 2466 1095 2509 me
1114 2444 1219 2511 libelli
1239 2444 1339 2533 hujus
1362 2469 1416 2511 ar-

299 2554 506 2636 gumentum,
528 2545 615 2633 quod
638 2544 821 2611 continetur
842 2538 940 2605 rebus
961 2542 1145 2631 Argolidis,
1167 2546 1229 2616 hoc
1250 2557 1315 2633 est,
1340 2548 1416 2635 ejus

300 2673 386 2735 orac,
408 2650 444 2713 in
463 2669 528 2735 qua
544 2670 648 2735 nuper
665 2646 812 2711 certatim
827 2644 1028 2729 peregrinati
1039 2655 1115 2712 sunt
1125 2648 1287 2734 Britanni,
1308 2651 1416 2717 Fran-

178 2797 183 2827 .
298 2751 428 2838 cogalli,
448 2757 619 2832 nostrates,
641 2756 674 2812 ct
692 2768 780 2815 nunc
801 2767 875 2809 cum
895 2746 1036 2813 maxime
1056 2752 1285 2835 peregrinatur
1302 2754 1355 2817 vir
1371 2752 1416 2819 de

299 2841 421 2920 nostris
449 2850 555 2917 literis
582 2851 702 2938 optime
722 2848 858 2914 meritus
880 2846 1024 2935 mihique
1045 2852 1261 2919 amicissimus
1282 2854 1415 2921 Furna-

164 3022 170 3040 ,
299 2974 399 3026 ulcus
419 2954 671 3034 Tamnscfflus,
699 2972 796 3039 quem
825 2970 991 3045 speramus
1020 2952 1123 3024 multa
1149 2954 1184 3017 in
1210 2954 1316 3019 lucem
1339 2977 1415 3021 esse

299 3060 502 3150 prolaturum
543 3078 626 3143 quae
666 3054 772 3119 adhuc
808 3050 924 3117 obruta
956 3052 1140 3139 jacuerunt.
1199 3056 1414 3144 Francogalli

300 3164 399 3228 etiam
417 3159 534 3225 merito
556 3156 745 3242 laudantur,
777 3153 864 3241 quod
885 3154 920 3221 in
942 3151 1202 3243 Peloponnesum
1224 3182 1291 3225 non
1312 3158 1413 3227 modo

298 3264 472 3332 militatum
493 3254 658 3343 abierunt,
684 3258 919 3323 verumetiam
946 3258 1159 3345 anquisitum,
1191 3270 1224 3327 et
1250 3260 1415 3339 exercitui
1498 3274 1499 3285 ²

299 3389 358 3432 suo
377 3365 466 3429 viros
489 3360 633 3425 eruditos
653 3360 884 3446 adjunxerunt,
906 3358 1006 3443 Regis
1028 3359 1253 3427 munificentia
1273 3370 1306 3427 et
1324 3363 1412 3429 Aca-

300 3467 426 3532 demiae
445 3461 582 3527 scientia
601 3460 730 3547 adjutos
747 3468 952 3548 ornatusque.
969 3499 1012 3513 —-
1031 3461 1083 3547 At,
1097 3484 1186 3545 vcro,
1208 3473 1245 3529 ut
1266 3465 1413 3551 ingenue

299 3569 405 3635 fatear
426 3563 647 3653 quaesentip,
676 3562 759 3627 illud
780 3562 1056 3651 exspectationem
1082 3574 1229 3659 nostram
1250 3564 1411 3652 destituit,

174 3703 183 3711 ν
299 3669 388 3757 quod
405 3669 441 3732 in
462 3687 559 3754 opere
580 3686 683 3751 nuper
704 3664 879 3731 admodum
900 3666 1035 3732 emisso:
1057 3654 1242 3748 Expectare
1262 3676 1410 3747 scientifi-

299 3793 357 3852 quc
377 3776 416 3836 de
434 3773 539 3835 Morte
558 3767 708 3833 emmae
724 3774 833 3845 parte
854 3773 1086 3836 Gmonncmcnt
1105 3776 1258 3857 Froapats
1277 3772 1298 3835 ὰ
1318 3775 1413 3837 Puris

167 3852 174 3868 ⁹
292 3874 398 3956 4831,
434 3867 657 3935 meridionalis
685 3868 844 3934 Graeciae
870 3866 983 3933 tabula
1012 3872 1231 3959 geographica
1259 3872 1411 3939 exhibita

301 3983 350 4041 est
371 3996 392 4040 a
410 3974 534 4063 Lapieo
555 3972 674 4061 (Lepre)
698 3971 876 4057 descripta,
906 3972 989 4035 bona
1019 3972 1078 4037 illa
1105 3974 1237 4061 quidem
1266 3982 1407 4040 etcom-

300 4074 494 4146 mendabilis
524 4073 634 4140 multis
660 4073 822 4164 partibus,
855 4072 913 4137 sed
937 4080 1046 4139 tamen
1075 4096 1141 4140 non
1169 4098 1408 4167 usquequaque

300 4202 403 4271 nova3
434 4200 508 4243 cum
536 4176 698 4264 ejusmodi
722 4174 868 4241 tabulam
890 4175 1163 4262 desideraremus,
1192 4200 1276 4265 quae
1298 4178 1407 4247 denuo

293 4281 508 4348 ‚instituendis
530 4277 752 4377 mensionibus
771 4278 921 4365 adeoque
939 4278 1064 4344 iteratis
1085 4281 1170 4346 curis
1193 4302 1323 4367 eorum,
1351 4286 1408 4372 qui

173 4470 176 4479 1
238 4384 241 4389 ’
300 4380 362 4462 illi,
378 4382 576 4472 expeditioni
606 4380 797 4464 adfuerunt,
829 4380 1000 4445 emendata
1029 4382 1285 4481 consignataque
1308 4395 1407 4453 esset.
