3167 5192
280 598 353 646 rum
374 574 493 641 areum
520 572 631 639 suno
658 572 776 639 suen
798 570 1012 639 encomium
1032 552 1126 641 mulo
1147 574 1292 641 ennae
1315 572 1409 641 user-

272 664 346 745 'tm
390 674 538 763 comque
551 667 668 741 urbem
687 681 829 761 augeret
845 672 1014 763 operibus,
1038 674 1269 763 doctorumque
1289 673 1414 761 homi--

282 800 360 843 num
383 775 573 842 celebritate
606 778 815 865 conspicuam
841 776 1009 861 redderet,
1046 765 1143 841 etiam
1178 798 1233 841 eos
1261 776 1407 841 erudire

211 958 214 963 ι
282 880 439 962 instituit,
469 880 526 965 qui
553 880 588 943 in
610 879 700 965 agris
727 868 931 946 habitabant.
975 878 1092 967 Itaque
1112 878 1253 959 Hermas
1276 880 1409 951 consti-

282 983 349 1049 tuit
373 1002 433 1069 per
460 981 553 1047 vicos
580 981 733 1068 viasque,
761 981 930 1069 inscriptis
959 980 1077 1067 elegis,
1102 981 1219 1069 quibus
1239 982 1409 1049 salutaria

282 1082 503 1173 praeceptain
521 1084 711 1149 memoriam
722 1082 877 1169 vitaeque
888 1104 984 1149 usum
1004 1084 1229 1171 proderentur,
1247 1084 1406 1151 utillud:

282 1186 479 1271 „Justitiam
503 1184 645 1268 colito,“
677 1184 857 1268 „Amicum
893 1206 935 1250 ne
963 1184 1131 1275 decipito“
1162 1185 1291 1275 aliaque
1328 1186 1406 1275 plu·
1469 1203 1473 1212 ·

235 1273 239 1284 ’
283 1290 377 1358 rima.
421 1288 531 1375 Atque
550 1287 607 1370 ita,
628 1286 816 1369 Auditores,
832 1287 941 1373 prisco
955 1287 1130 1355 admodum
1144 1310 1235 1371 aevo,
1259 1298 1291 1355 et
1308 1288 1405 1377 quod

285 1391 434 1457 horreret
452 1388 621 1471 barbarie,
642 1387 789 1453 Athenas
810 1388 953 1471 vidimus
974 1412 1041 1456 non
1061 1389 1157 1457 modo
1179 1389 1404 1475 religionibus

285 1513 517 1578 sacrorumque
541 1497 654 1555 vatum
682 1499 768 1555 voce
791 1490 834 1555 ab
859 1492 982 1577 agresti
1002 1490 1172 1580 ferindque
1193 1492 1403 1558 immanitate

286 1602 473 1674 revocatas,
501 1591 569 1664 sed,
585 1593 700 1679 patriis
728 1594 827 1657 etiam
857 1592 986 1679 legibus
1016 1591 1147 1679 publice
1178 1594 1404 1681 privatimque

178 1745 181 1753 .
285 1703 483 1783 temperatas
504 1694 759 1782 emendatosque
782 1696 913 1781 optimis
935 1692 1075 1776 artibus,
1103 1701 1200 1781 atque
1217 1694 1405 1761 humanita-

257 1807 353 1865 stem
369 1796 501 1862 altiores
524 1797 597 1883 jam
616 1797 651 1861 in
675 1796 738 1865 bac
758 1796 848 1861 terra
865 1794 994 1861 radices
1016 1816 1130 1881 agere,
1153 1796 1290 1893 ejusque
1309 1798 1404 1864 inco·

285 1900 337 1968 las
359 1899 493 1966 laetiore
514 1898 550 1963 in
569 1898 641 1963 dies
662 1896 777 1963 sructu‘
793 1904 826 1961 et
846 1898 1022 1963 maturiore
1044 1895 1132 1963 alere
1154 1906 1186 1963 et
1206 1920 1369 1965 recreare.

372 2000 448 2067 Jam
473 2000 536 2066 hoc
564 1998 853 2081 tantumbonum,
883 2020 947 2087 quo
973 2000 1198 2087 praestantius,
1220 2024 1402 2090 numquam
1492 2015 1498 2019 “’

285 2106 428 2175 humano
449 2102 564 2190 generi
584 2100 697 2167 datum
718 2110 782 2184 est,
818 2100 878 2166 sub
897 2098 961 2165 hoc
981 2101 1089 2188 ipsum
1109 2093 1251 2191 tempus,
1272 2107 1403 2193 pericu-

153 2272 159 2279 .
287 2208 356 2273 lum
373 2215 459 2290 erat,
480 2226 523 2271 ne
545 2211 578 2269 et
601 2202 859 2269 Atheniensibus
882 2210 914 2267 et
936 2198 1071 2269 Graecis
1098 2204 1249 2281 omnibus
1271 2216 1303 2273 et
1328 2210 1402 2273 nui-

284 2327 402 2376 ncrsae
430 2309 528 2373 etiam
553 2306 707 2394 Europae
734 2307 925 2392 eriperetur.
975 2304 1108 2369 Etenim
1136 2328 1210 2387 cum
1238 2308 1327 2399 haud
1354 2310 1404 2375 ita

285 2411 389 2476 multo
410 2417 486 2496 post
505 2407 621 2491 Iones,
642 2430 716 2473 cum
741 2406 877 2494 reliquis
899 2407 1001 2471 Asiae
1023 2406 1139 2473 incolis
1162 2408 1299 2475 Graecis
1321 2412 1401 2477 inde

288 2511 419 2600 aGyro
442 2532 521 2595 rege
539 2508 716 2573 Persarum
737 2509 875 2594 imperio
901 2506 1055 2595 subjecti,
1077 2530 1098 2573 a
1117 2509 1221 2577 Dario
1243 2523 1322 2599 rege
1345 2513 1401 2581 de·
1461 2508 1467 2516 ’

287 2615 458 2695 fecissent,
480 2620 512 2677 et
526 2608 649 2676 bellum
670 2610 819 2676 Ionicum
842 2612 1028 2694 exarsisset,
1048 2612 1198 2679 Athenae
1222 2636 1276 2681 eos
1295 2624 1327 2681 et
1348 2623 1401 2683 co-

287 2718 353 2805 piis
385 2715 597 2801 adjuverunt,
637 2720 670 2777 et
699 2714 789 2798 ipsae
821 2734 949 2801 quoque
983 2712 1102 2781 Sardes
1141 2715 1400 2786 combusserunt.

284 2818 386 2901 Quod
410 2815 583 2883 consilium
608 2822 688 2881 tunc
710 2814 843 2902 qhidem
868 2816 903 2879 in
927 2817 1056 2883 irritum
1077 2818 1236 2883 cecidisse
1257 2830 1400 2906 constat3

289 2928 322 2989 et
348 2919 441 2995 finito
471 2940 508 2983 eo
534 2916 622 2983 bello
647 2939 668 2981 a
694 2916 883 3005 Phrynicho
909 2920 1009 3004 potta
1030 2919 1065 2986 in
1097 2921 1197 2985 scena
1210 2920 1397 2991 ,exhibitam

287 3023 507 3089 Athenienses
530 3028 718 3108 spectarunt
737 3020 1011 3106 expugnationem
1027 3020 1143 3087 Mileti.
1176 3022 1400 3112 Cumquetam

287 3127 376 3193 tristi
402 3124 539 3190 carmini
568 3123 819 3211 spectaculoque
838 3130 942 3187 totum
967 3122 1130 3189 theatrum
1151 3124 1409 3217 illacrymasset·

288 3228 414 3316 liquido
433 3226 600 3314 cognitum
619 3234 682 3309 est,
703 3246 800 3313 quam
822 3225 982 3290 humanus
1002 3234 1090 3291 esset
1110 3228 1138 3291 is
1166 3229 1322 3316 populus,
1344 3233 1399 3320 qui
1497 3282 1498 3287 ,

290 3337 324 3395 et
345 3328 483 3394 aliorum
503 3328 653 3398 miseriis¹
666 3338 832 3416 tamquam
854 3328 921 3393 suis
939 3337 1208 3415 commoveretur,
1231 3354 1344 3421 neque·
1357 3335 1398 3401 ad

189 3423 193 3440 ’
288 3438 475 3518 potmatum
495 3429 563 3494 vim
584 3430 822 3521 artificiumque
849 3439 1002 3519 torperet.
1046 3430 1162 3519 Neque
1183 3442 1293 3501 tamen
1313 3437 1398 3505 idem

288 3540 462 3621 propterea
482 3532 607 3599 animis.
631 3534 788 3617 concidit,
821 3556 928 3622 neque
955 3535 990 3600 iu
1016 3532 1224 3610 muliebrium
1254 3540 1407 3631 querela-s

191 3625 204 3692 '.
289 3658 362 3704 rum
382 3634 553 3701 mollitiem
575 3636 697 3701 effusus
718 3659 753 3702 se
774 3636 881 3723 afiligi
896 3658 1012 3724 passus
1031 3644 1089 3719 est,
1111 3637 1170 3703 sed
1191 3641 1297 3705 erexit
1318 3664 1397 3727 sese,

199 3730 204 3739 ’
241 3738 244 3744 ’
292 3746 326 3806 et
345 3737 471 3825 patriae
500 3735 629 3803 fortiter
649 3739 791 3805 tuendae
812 3762 879 3806 non
900 3740 996 3806 modo
1024 3740 1154 3826 signum
1175 3742 1320 3828 sustulit,
1344 3768 1396 3811 ve-

289 3859 363 3907 rum
378 3838 476 3903 etiam
495 3842 581 3907 mira
599 3842 722 3907 virtute
741 3843 942 3931 consilioque
962 3863 1034 3907 eam
1052 3864 1123 3907 rem
1138 3844 1181 3911 ad
1193 3846 1319 3911 exitum
1328 3868 1396 3934 per-

292 3942 396 4009 duxit.
440 3942 594 4009 Alienum
616 3951 666 4009 eet
679 3942 721 4009 ab
736 3944 798 4011 hoc
815 3953 1016 4031 argumento,
1038 3966 1145 4033 neque
1165 3968 1299 4013 necesse
1319 3950 1410 4019 haec,

291 4047 455 4134 copiosius
475 4046 650 4133 explicari3
671 4046 754 4113 illud
772 4048 917 4135 reputari
933 4046 1024 4113 volo:
1046 4046 1121 4113 illos
1135 4051 1395 4135 Μαραθωνομά-

290 4172 390 4234 qous,
425 4158 459 4215 et
481 4150 537 4237 qui
550 4157 678 4243 ¹postea
704 4150 807 4215 variis
834 4148 968 4238 proeliis
999 4150 1141 4215 victores
1170 4150 1394 4240 decertassent,

292 4273 366 4318 curn
392 4273 412 4317 e
439 4251 582 4320 Graecia
613 4251 816 4339 pepulissent
847 4250 982 4338 Persas,
1017 4261 1050 4319 et
1071 4252 1211 4321 ocellum
1228 4255 1396 4323 'Graeciae

291 4354 440 4426 Athenas
454 4363 657 4439 servassent,
678 4354 741 4420 hoc
759 4356 831 4442 ipso
853 4354 1015 4423 retudisse
1028 4358 1210 4444 ingruentis
1225 4344 1395 4435 ¹barbariae
