3167 5192
1241 498 1283 565 sc

167 668 260 754 gulis
279 668 493 754 Academiae,
525 668 646 757 Lycei,
677 669 775 735 Stoae
796 677 829 733 et
845 638 980 757 Epicuri
1000 669 1166 735 hortorum
1188 690 1281 737 orna·
1423 669 1424 677 ’

165 770 290 844 mentis
309 771 490 838 subsistere
510 781 543 837 et
562 772 729 838 immorari
749 769 860 837 velim.
905 768 971 836 Sed
992 792 1059 837 non
1074 773 1281 860 committam,

165 881 204 937 ut
225 874 380 961 cuiquam
401 874 519 940 videar
537 873 704 940 transihm
731 872 982 959 eos⁸terminos,
1009 893 1091 963 quos
1112 874 1207 941 initio
1226 898 1280 963 pe
1316 882 1319 889 '

165 977 250 1061 pigi.
294 975 411 1064 Itaque
437 980 584 1043 omittam
609 976 685 1041 illos
709 976 942 1062 Academicos,
973 977 1172 1062 Arcadiam,
1203 976 1280 1042 Gar·

164 1078 323 1162 ncadem,
341 1078 528 1163 Philonem,
556 1078 769 1163 Antiochum,
797 1079 895 1164 alios3
921 1100 1027 1168 neque
1046 1082 1152 1166 magis
1174 1080 1281 1147 dicam

164 1179 207 1244 de
225 1182 388 1269 perpetiit
404 1179 465 1246 illc
484 1181 775 1268 Peripateticorum
797 1188 901 1268 cique
921 1172 1126 1249 nobilissime
1145 1181 1280 1265 familia,

165 1280 413 1370 Theophrasto,
450 1283 624 1368 Olearcho,
662 1282 883 1369 Dicaearcho,
921 1284 1098 1351 Heraclide
1133 1284 1279 1367 Pontico,

162 1384 384 1469 Aristoxeno,
402 1386 552 1472 albaque,
565 1404 657 1473 -quos
677 1406 868 1452 enumerare
889 1387 1023 1475 longum
1045 1398 1104 1455 est.
1149 1386 1280 1453 Tacebo

163 1489 356 1553 nniversam
382 1487 526 1553 Zenonis
552 1487 795 1576 Chrysippique
818 1491 995 1575 rationem,
1028 1492 1084 1579 qui
1112 1510 1185 1557 cum
1205 1508 1279 1557 eon-

162 1590 331 1655 tractioris
351 1591 447 1680 quasi
465 1590 746 1679 adstrictiorisque
767 1595 923 1661 orationis
952 1602 1074 1679 essent,
1100 1603 1209 1659 tamen
1232 1614 1280 1657 re-

163 1713 239 1756 rum
259 1714 281 1755 a
302 1715 339 1757 se
361 1691 555 1759 traditarum
574 1690 751 1759 luminibus
771 1717 838 1761 non
859 1698 976 1782 minus,
998 1719 1096 1785 quam
1116 1694 1279 1783 Polygno-

161 1802 216 1859 tus
238 1801 273 1892 et
288 1790 409 1879 Micon,
430 1794 521 1859 illam
542 1796 704 1883 porticum
717 1796 941 1886 nobilitarunt,
962 1798 1050 1865 unde
1066 1818 1178 1861 eorum
1192 1804 1281 1859 secta

163 1918 286 1961 nomen
303 1896 441 1963 invenit.
473 1896 562 1981 Quid
575 1917 674 1987 porro
689 1900 870 1989 Epicurum
884 1898 1000 1984 dicam,
1023 1896 1116 1987 cujus
1133 1896 1281 1965 doctrina

163 2000 340 2065 sanctitate
367 2001 456 2067 vitae
482 1994 669 2068 excusatior
697 2004 871 2093 apparuit?
911 2000 1000 2083 Quid
1023 2001 1279 2089 Cyrenaicorum

162 2104 359 2189 magistram
381 2094 595 2193 Aristippum,
618 2100 674 2194 qui
696 2108 891 2193 gravissime
912 2100 1031 2187 docuit,
1053 2102 1280 2193 philosophiae

163 2202 284 2269 studiis
312 2202 461 2270 homines
481 2208 517 2270 in
538 2228 651 2272 veram
669 2206 855 2275 libertatem
876 2204 1063 2274 vindicari?
1105 2204 1194 2289 Quid
1211 2204 1278 2269 Me-

162 2309 312 2392 garicos,
342 2306 422 2397 quid
443 2305 575 2374 Eliacos
598 2310 705 2399 etqui
725 2309 996 2401 reliquiuplurimi
1016 2330 1059 2375 ex
1075 2308 1189 2375 Attica
1208 2304 1278 2397 phi·

163 2406 318 2497 losophit
339 2410 446 2475 exorti
467 2410 568 2495 sunt?
1123 2491 1124 2499 ἵ

124 2573 131 2587 ,
250 2509 366 2601 Neque
386 2521 516 2601 postea,
545 2512 659 2580 fractis
681 2511 724 2590 ad
745 2510 970 2581 Chaeroneam
990 2490 1196 2583 Graecorum
1210 2510 1276 2600 opi-

162 2612 237 2700 bus,
258 2615 428 2681 literarum
447 2615 562 2701 honor,
584 2639 648 2705 quo
662 2614 812 2683 Athenae
832 2614 1018 2701 floruerant,
1040 2624 1203 2694 vetustate
1222 2614 1278 2681 ob·
1350 2668 1351 2675 ,

128 2765 137 2791 i
163 2719 295 2786 solavit.
327 2716 413 2783 Nam
432 2720 510 2786 inde
530 2718 572 2786 ab
591 2718 775 2786 Alexandri
797 2728 912 2803 aetate,
933 2715 1096 2809 patefacto
1116 2728 1278 2785 terrarum

164 2822 255 2905 orbe,
277 2820 376 2893 letius
397 2824 493 2893 etiam
516 2833 656 2911 evagata
671 2822 856 2889 Atticorum
873 2822 1056 2889 humanitas
1072 2820 1139 2887 suis
1156 2817 1277 2889 benefi-

163 2924 224 2989 ciis
245 2929 279 2988 et
299 2924 400 2989 Asiae
421 2947 575 3011 magnam
595 2933 721 3015 partem
743 2933 776 2989 et
798 2920 879 3007 alias
901 2934 1007 2994 terras¹
1028 2922 1199 3011 complexa
1216 2932 1276 2990 est.

133 3087 135 3093 .
163 3024 274 3091 Taceo
288 3026 445 3113 plurima:
467 3027 550 3094 illud
562 3027 730 3114 attingam,
748 3048 822 3093 cum
836 3035 962 3093 mortuo
974 3024 1164 3093 Alexandro
1179 3024 1277 3094 bellis

163 3131 329 3195 continuis
351 3127 499 3196 divexati
513 3130 633 3225 Graeci
657 3131 739 3195 alias
760 3152 804 3197 ex
823 3128 897 3194 aliis
912 3138 1022 3219 partes
1037 3128 1155 3195 sectari
1172 3126 1277 3195 coacti
1351 3153 1357 3165 ·

163 3238 292 3314 essent,
311 3239 354 3310 et
373 3227 524 3297 Athenae
551 3254 680 3321 quoque
701 3254 722 3296 a
742 3231 912 3298 Demetrio
934 3226 1117 3297 Poliorcete
1139 3227 1276 3295 defecis-

162 3342 255 3417 sent,
284 3332 372 3397 hunc
397 3334 508 3421 ipsum
526 3355 655 3421 regem,
689 3343 858 3401 exoratum
880 3354 900 3401 a
921 3334 1052 3402 Gratata
1071 3332 1276 3421 philosopho,

133 3436 297 3502 illarum
318 3435 435 3501 incolis
452 3437 686 3504 humanimime
704 3439 836 3504 veniam
858 3438 999 3504 dedisse.
1043 3434 1137 3503 Illius
1158 3455 1276 3526 aequa
1416 3526 1419 3535 Ι

162 3537 205 3605 lis
232 3539 424 3605 Demetrius
450 3536 628 3606 Phalereus
661 3559 728 3607 non
758 3542 867 3607 minus
897 3540 1060 3607 inelamit.
1111 3540 1177 3623 Qui
1202 3560 1275 3607 curn

162 3662 234 3710 ren
249 3643 435 3709 Atticorum
455 3641 621 3730 publicam
643 3646 764 3732 optime
785 3645 952 3731 gessisset,
976 3666 1018 3708 ex
1034 3644 1142 3730 patria
1161 3644 1275 3733 pulsus

163 3746 207 3811 ad
220 3744 446 3811 Ptolomaeum
460 3764 500 3810 se
509 3765 622 3831 regem
632 3748 871 3814 Alexandriam
885 3742 1036 3829 contulit3
1057 3746 1169 3837 ibique
1182 3770 1275 3836 prae-

163 3848 272 3914 factus
292 3846 343 3913 illi
355 3845 581 3931 bibliothecae,
602 3857 639 3914 ut
651 3848 821 3917 (liceronis
841 3848 950 3914 verbis
969 3855 1051 3933 utar,
1070 3851 1172 3917 multa
1181 3870 1274 3939 prae-

162 3950 256 4017 clara
273 3950 310 4013 in
325 3948 514 4019 alaniam
531 3951 597 4016 ctio
614 3952 754 4039 scripsit,
774 3974 840 4017 non
854 3950 1004 4015 adesum
1015 3950 1157 4040 aliquem
1170 3974 1274 4036 suum,

163 4076 230 4143 quo
252 4060 324 4117 erat
349 4046 499 4135 omem,
526 4046 586 4117 sed
607 4055 709 4119 animi
735 4054 843 4120 cultus
865 4062 934 4119 erat
962 4054 992 4117 ei
1021 4055 1115 4141 quasi
1141 4052 1274 4141 quidam
1308 4113 1311 4117 ,
1358 4120 1364 4133 ,
1416 4064 1420 4076 ’

162 4155 379 4231 humanitatis
407 4154 514 4221 albus.-
562 4154 608 4221 Et
640 4157 913 4246 quemadmodum
945 4156 1164 4223 Athenienses
1195 4162 1273 4218 canc

164 4260 297 4348 quidem
313 4259 439 4345 ingenii
459 4260 511 4323 sui
530 4258 619 4324 bons
642 4280 716 4326 cum
732 4261 900 4349 Aegypto,
926 4280 1059 4334 suarum
1078 4257 1273 4343 religionum

163 4370 311 4450 parents
325 4360 662 4427 communicaverunte
680 4364 730 4428 sic
741 4362 842 4429 iidem
855 4362 974 4430 multos
988 4363 1100 4429 doctos
1115 4358 1274 4441 homines,

165 4458 512 4552 expulscsPtolemaei
522 4457 706 4551 Physccnis
722 4465 870 4559 saevitit,
892 4466 936 4531 ad
953 4484 1028 4531 suos
1044 4462 1147 4527 Lares
1164 4458 1274 4528 redire

1027 4566 1071 4625 7*
