3167 5192
355 1215 359 1222 ¹
539 1148 590 1157 --
734 1110 1087 1189 nnuonrn'

446 1238 773 1317 DI'PERIOI
820 1243 1297 1365 ΤΙΕΒΕΜΑΝΝΙ,

431 1372 679 1424 rnnaosornffl
701 1376 935 1434 Prornssomt
955 1379 1097 1433 Pussttcl
1120 1376 1317 1441 ORDINABII,

317 1458 547 1508 snanmssmo
562 1459 697 1507 HASSIAE
719 1460 875 1510 PRINCIPI
892 1464 1069 1513 nnncrom
1091 1467 1113 1512 Α
1135 1462 1309 1513 CONSILIIS
1329 1460 1437 1507 num-

371 1544 442 1610 (tls,
465 1543 757 1604 ammonitionum
779 1546 982 1601 socln‘rarls
1007 1548 1241 1602 CASSELLANAE
1265 1546 1373 1595 soon.

558 1716 773 1771 ACADEMIAE
792 1721 1076 1777 MARBURGENSIS
1094 1725 1185 1777 RITU
1280 1772 1282 1779 ,
1350 1744 1354 1757 ·

808 1822 932 1861 scamsrr

476 1886 707 1997 GEORGIIJS
736 1888 1013 1958 PRIDERICUS
1043 1892 1290 1985 CREUZER,
1342 1958 1348 1971 ,

397 1975 556 2048 utrumn!
574 2007 754 2061 nunciant,
772 2012 932 2067 alloquetur
948 2014 983 2051 ET
1000 2014 1080 2052 Ρθῖὓ
1099 2013 1301 2063 nomm?
1320 2013 1350 2051 0

398 2310 537 2390 Nihilne
558 2344 631 2390 esee
650 2320 768 2388 stabile
789 2320 1005 2389 mortalibus?
1041 2321 1124 2387 Tam
1142 2318 1244 2389 flebili
1264 2343 1326 2387 nos
1349 2342 1433 2387 casu

316 2428 443 2495 discere
482 2428 687 2493 fortunarum
718 2426 933 2490 humanarum
966 2425 1240 2490 inconstantiam?
1289 2424 1433 2490 Adeone

316 2554 408 2620 spem
430 2539 576 2596 nostram
604 2529 743 2601 fractam
768 2528 989 2617 afflictamque
1014 2528 1151 2615 jacere?
1173 2565 1216 2577 -
1238 2526 1319 2610 Quis
1347 2550 1432 2593 vero

316 2642 462 2700 nostrum
477 2631 536 2717 est,
559 2631 667 2716 Cives,
689 2632 746 2719 qui
766 2630 849 2697 haee
869 2639 926 2697 aut
946 2630 997 2695 his
1017 2630 1137 2695 similia
1153 2652 1219 2697 non
1241 2652 1353 2725 secum
1376 2652 1431 2696 oo·

316 2736 441 2823 gitarit,
469 2758 544 2801 cum
566 2756 685 2822 nuper,
714 2732 826 2798 effusis
854 2734 998 2798 omnium
1018 2734 1053 2797 in
1075 2731 1240 2819 publicam
1266 2732 1432 2799 laetitiam

316 2840 448 2923 animis,
470 2837 622 2926 publicus
644 2836 816 2901 afferretur
838 2858 857 2901 e
883 2840 1078 2903 racemum·
1093 2835 1209 2903 funere
1231 2836 1364 2903 luctus?

401 2942 474 3025 Quo
492 2941 579 3005 enim
599 2948 746 3027 tempore
760 2940 903 3005 maxime
925 2940 1167 3026 augurabamur
1186 2939 1284 3006 rebus
1304 2932 1431 3006 nostris

199 3128 203 3139 Ι
316 3046 436 3127 fausta,
457 3043 553 3123 laeta,
575 3038 776 3127 amplissima
794 3040 959 3129 omnia*),
983 3040 1097 3107 eodem
1117 3039 1244 3107 iisdem·
1255 3040 1430 3125 interesse,

317 3222 506 3317 adfuhmum
528 3268 787 3334 speraveramus.

402 3350 534 3415 Etenim
555 3349 629 3437 quis
645 3356 712 3432 est,
733 3349 806 3435 qui,
829 3370 902 3413 cnm
924 3350 1069 3437 corporis
1092 3348 1252 3437 compacti
1273 3348 1432 3435 speciem,

317 3450 475 3519 naturalis
496 3451 638 3517 indicem
655 3450 782 3517 roboris
805 3453 1027 3539 conspexerit,
1050 3456 1249 3519 Tscdmaano
1270 3473 1337 3517 non
1352 3472 1430 3515 ean·

318 3556 392 3621 dem
419 3562 558 3640 vegetae
587 3554 762 3620 senectutis
792 3555 1040 3642 prosperitatem
1074 3554 1291 3643 praedixerit,
1330 3574 1430 3676 quam

316 3656 405 3722 hie
396 3678 467 3743 1pse
494 3678 598 3743 nuper
628 3635 844 3744 philosophici
880 3657 1004 3723 ordinis
1035 3656 1189 3723 Decanus
1221 3642 1429 3733 Folrsteaaoto,

318 3758 406 3845 apud
425 3758 631 3824 Rintelenses
653 3758 846 3843 Professum,
868 3759 1049 3845 gratulatus
1068 3770 1152 3843 erat,
1174 3782 1248 3826 cum
1263 3762 1292 3825 is
1317 3760 1429 3825 docto·

317 3868 407 3925 ratum
430 3882 551 3926 annum
568 3863 873 3950 quinquagesimum
889 3862 1035 3933 ‘feliciter
1054 3862 1310 3951 superasset**).

389 4120 415 4188 *l
440 4121 600 4187 Agebantur
621 4137 669 4187 per
689 4121 742 4174 hoc
765 4127 872 4189 tempus
896 4099 1058 4177 Illeetoralis
1081 4123 1223 4191 dignitatis
1247 4125 1276 4175 in
1298 4126 1430 4178 Princi-

200 4218 203 4224 ·
318 4222 389 4273 pem
407 4212 563 4262 nostrum
583 4208 699 4259 collatae
717 4209 850 4263 aditialie.

388 4294 432 4363 **)
451 4296 504 4360 Qui
525 4296 567 4347 vir
587 4296 851 4349 Tiedemannum
872 4302 995 4349 nostrum
1011 4298 1088 4350 brevi
1112 4298 1140 4349 in
1158 4305 1245 4351 morte
1264 4307 1428 4354 consecutus

319 4386 374 4447 eet,
401 4387 432 4433 ut
450 4382 534 4448 adeo,
562 4389 700 4435 moerente
717 4386 822 4451 patria,
855 4384 907 4435 duo
931 4384 998 4437 haee
1020 4385 1207 4453 philosophiae
1226 4386 1345 4453 lumina,
1373 4405 1428 4441 uno

318 4483 404 4533 paene
420 4471 550 4537 temporis
568 4471 683 4523 articqu
701 4472 862 4537 obscurata,
879 4469 1001 4536 jaccant.
