3167 5192
328 478 369 562 'll

322 658 395 751 Ιγιιιι,
418 667 527 742 idest,
550 629 757 738 beubjueuni
779 655 875 744 (haec
896 658 1039 745 quatuor
1052 657 1168 725 verba
1179 608 1310 727 ament
1321 679 1343 726 a
1365 661 1450 727 cod.

323 766 475 838 Gotheno
495 775 528 832 et
545 759 667 826 habent
688 759 830 847 speciem
846 754 1158 850 interpretamenii)
1171 749 1370 846 nondam,
1403 763 1454 829 ao

323 891 420 962 quam
448 867 512 936 due
535 863 644 954 juncti
663 861 766 927 boves
788 859 1049 948 imnelarentur,
1072 863 1156 929 sicut
1177 863 1242 949 illi,
1264 864 1346 952 qtro's
1365 865 1451 930 abs-

323 973 443 1040 tulerat
472 969 609 1036 aratori:
647 982 785 1051 eumque
814 963 922 1050 ipsum
951 962 1014 1030 sibi
1041 963 1209 1031 constituit
1235 965 1454 1032 sacerdotem

324 1097 363 1142 ac
388 1073 570 1164 praecepit,
600 1071 638 1131 ut
663 1063 783 1130 iisdem
811 1058 994 1132 maledictis
1021 1073 1150 1154 temper
1165 1068 1212 1132 'in
1233 1067 1454 1134 celebrandis

247 1244 249 1254 ,
326 1177 495 1244 sacrifieiis
508 1175 670 1252 uteretur3
692 1165 779 1255 quo'd
799 1176 946 1253 negaret,
966 1190 1002 1234 sc
1015 1167 1170 1256 umq'ueln
1182 1170 1353 1257 ‘epulatum
1368 1190 1454 1237 esse

320 1277 534 1368 jucundius.“
585 1269 655 1336 Nec
688 1266 856 1356 sculptura
886 1268 971 1334 hane
997 1269 1129 1337 sechem
1166 1274 1454 1359 praetermiserat,

226 1391 234 1404 '
326 1379 488 1470 siquidem
510 1361 618 1440 statua
639 1369 712 1453 fuit,
735 1388 833 1455 quam
851 1369 1139 1460 descripiit'pocte
1158 1371 1212 1440 his
1230 1370 1407 1442 versibus:

388 1477 561 1564 „Qualiter
577 1469 713 1539 Alcides
735 1473 878 1537 occurrit
896 1471 1136 1560 Thiedementi,
1435 1482 1442 1504 ¹

389 1577 566 1667 Expressit
583 1582 696 1639 natum
716 1574 765 1638 sic
782 1573 868 1639 Jove
890 1573 988 1640 docte
1008 1592 1135 1643 manus.
1250 1596 1254 1605 ’

389 1679 577 1748 Ruricolam
598 1675 699 1742 trehit
720 1695 798 1739 ecce
817 1675 946 1761 bovem,
967 1675 1128 1766 clavoque
1149 1681 1302 1748 minatur.

340 1810 341 1818 ¹
390 1783 456 1850 Sed
476 1801 543 1846 non
562 1779 617 1846 hic
638 1777 756 1844 caedes
778 1783 828 1842 est
849 1778 978 1866 quoque
998 1780 1088 1867 picta
1103 1779 1213 1848 bovis.

391 1887 456 1954 Ars
479 1883 636 1969 gemitum
654 1879 772 1966 posuit,
794 1888 883 1965 puto,
904 1879 1152 1948 Thiodamantis
1168 1885 1204 1949 in
1221 1895 1292 1969 ore,

389 1987 456 2069 Qui
476 1987 585 2051 movet
603 1981 744 2049 Alciden
766 1988 864 2068 etque
884 1979 1034 2047 inhibere
1053 1982 1204 2064 faciest).

411 2086 604 2154 Referemus
631 2081 749 2174 pedem
777 2083 820 2149 ab
841 2083 904 2150 lmc
922 2085 1052 2174 pictura
1072 2085 1115 2150 ad
1130 2087 1291 2174 picturam
1310 2088 1347 2153 in
1369 2111 1450 2155 vas.

327 2193 400 2260 eule
422 2187 605 2257 Erbeeensi
626 2193 900 2275 representatum,
934 2196 967 2252 et
988 2187 1198 2275 aequiramus
1204 2237 1214 2275 ,
1238 2199 1348 2258 utrum
1366 2202 1450 2258 ante

328 2294 438 2363 ocules
465 2291 644 2358 habeamus
663 2288 843 2354 Herculem
868 2285 1047 2375 βουφόνον
1072 2289 1116 2353 a'n
1135 2288 1324 2378 dentem
1350 2312 1447 2360 nam.

328 2419 392 2490 que
419 2397 454 2460 in
479 2416 518 2459 eo
547 2393 646 2459 hereb
673 2391 834 2456 inclusam
862 2413 935 2456 esse
962 2391 1134 2478 utramque
1152 2412 1236 2479 rem,
1265 2400 1301 2462 et
1322 2397 1448 2464 arandi

328 2499 506 2566 sollertiam
531 2504 563 2562 et
583 2493 679 2562 bovis
707 2493 888 2559 devorandi
915 2492 970 2558 vel
990 2494 1220 2561 necessitatem
1241 2497 1296 2564 vel
1317 2501 1447 2588 cupidi-

327 2609 437 2684 tatem,
454 2619 494 2665 ee
508 2619 592 2688 quae
613 2596 721 2663 adhuc
739 2591 961 2681 congessimus
978 2594 1161 2661 luculenter
1176 2596 1446 2671 commonstrent.

327 2705 437 2792 Atque
467 2701 496 2767 si
526 2700 611 2764 hane
637 2697 766 2764 vasculi
792 2697 969 2782 imaginem
999 2695 1216 2786 adspicimus,
1249 2700 1447 2791 adjunctum

328 2803 465 2874 Herculi
485 2803 634 2870 videmus
654 2799 818 2866 hominem
837 2798 949 2885 gladio
970 2813 1146 2889 armatum3
1172 2804 1260 2894 'qued
1280 2800 1447 2878 telum‘ad

316 2901 448 2977 'bovem
468 2904 676 2974 mactandum
697 2901 827 2968 trahere
850 2901 923 2989 quis
936 2905 1052 2993 pessit,
1073 2915 1284 2998 posteaquam
1303 2909 1346 2975 eb
1358 2910 1446 2978 Her-

329 3011 402 3078 cule
422 3009 577 3076 subactus
600 3008 651 3092 sit,
675 3003 796 3095 etipse
817 3003 996 3072 Hercules:

391 3109 600 3197 „Ruricolam
619 3107 721 3176 trahit
740 3127 816 3174 ecce
837 3106 992 3193 bovem,“

227 3258 229 3264 ¹
331 3233 415 3301 sieut
435 3216 522 3320 apud
542 3237 620 3318 petit
621 3250 674 3294 em
694 3225 790 3294 mode
812 3227 994 3294 laudatum
1004 3222 1154 3316 legimus.

303 3318 336 3425 ,¹
393 3333 459 3400 Sed
480 3333 563 3400 illud
585 3332 731 3415 alterum,
755 3331 843 3420 quod
859 3331 982 3396 ibidem
999 3330 1156 3417 legimus:
1212 3330 1216 3336 ’
1342 3420 1345 3427 ⁴

498 3475 542 3488 -
583 3471 626 3485 —-
667 3427 849 3522 „clareque
870 3433 1034 3500 ιιιίιιιιιιι(ι

288 3637 293 3644 ³
329 3559 401 3625 id
392 3580 499 3646 ipsum
525 3558 559 3622 in
586 3555 648 3620 hac
677 3563 790 3620 nostre
808 3556 937 3643 pictura
955 3577 1022 3622 nen
1043 3559 1272 3647 conspicimus.
1312 3559 1445 3632 'Cenl're

330 3658 576 3727 acclamandum
600 3681 621 3723 a
640 3656 736 3722 nobis
756 3667 807 3724 est
829 3658 976 3746 ejusdem
996 3666 1113 3748 poetae
1131 3661 1259 3732 verbis:

391 3763 480 3850 „Sed
499 3783 566 3828 non
585 3759 644 3870 lri'c'
660 3759 777 3836 caedes
799 3768 850 3828 est
868 3783 996 3852 quoque
1013 3761 1102 3852 picta¹
1117 3754 1250 3836 bovis“·
1322 3763 1344 3786 ''

402 4023 429 4094 *)
453 4025 576 4079 Incertus
594 4028 708 4094 poita
698 4044 728 4080 m
751 4025 899 4095 Anthelog.
923 4041 965 4097 gr.
982 4025 1035 4079 111.
1057 4038 1086 4094 p.
1104 4027 1165 4080 211.
1190 4025 1229 4096 (p.
1248 4030 1308 4086 178.
1324 4019 1442 4116 inteolis)

333 4111 394 4184 Οῒῳ
413 4105 575 4180 Θειοδάμας
588 4129 615 4170 κ.
627 4131 651 4172 ι,
666 4115 689 4169 2.
718 4115 842 4182 Adposui
859 4130 968 4168 carmen
977 4115 1056 4166 sicut
1070 4111 1156 4166 lstiue
1170 4118 1254 4169 vertit
1267 4106 1305 4170 Ἡ.
1318 4119 1443 4174 Grotius

329 4202 374 4256 De
392 4207 485 4254 statua
503 4203 644 4272 cogitabat
654 4193 745 4272 Heyui
746 4209 788 4269 us,
809 4204 928 4272 indeque
940 4219 982 4256 vs.
994 4205 1020 4256 4.
1034 4193 1124 4289 ylice
1140 4202 1261 4283 penebat
1273 4220 1323 4274 pro
1338 4199 1441 4275 γράψε.

320 4291 403 4342 Tum
420 4307 487 4357 opus
505 4293 587 4344 trium
603 4287 751 4360 figurarum
764 4293 827 4343 fult.
856 4290 911 4344 Sed
926 4291 1037 4344 Grotius
1054 4278 1146 4343 tuetur
1162 4284 1272 4362 pedm,
1297 4300 1325 4347 et
1342 4297 1443 4349 Jeeeb-

334 4378 390 4429 sius
415 4379 588 4432 tebulamr
559 4381 661 4448 pictum
684 4379 769 4432 fuisse
792 4381 872 4446 putet
894 4375 933 4443 (in
950 4376 1132 4435 commentar.
1158 4379 1237 4433 adh.
1256 4379 1356 4439 evol.
1375 4381 1442 4436 XII.

333 4481 360 4532 p.
379 4463 445 4533 40.).
