3167 5192
1239 492 1398 556 239,

195 660 301 726 briter
322 661 485 748 profuisti.
522 660 631 724 Antea
651 678 740 743 vero,
762 667 800 725 ut
819 681 840 724 a
854 663 1029 724 θοπείῖὶανὶο
1044 656 1087 721 ad
1101 650 1305 736 Profermrern

195 773 417 848 transeamus,
439 764 475 830 in
495 761 762 833 universitatibus
784 762 938 831 litorariis
956 759 1200 846 limburgensi,
1218 761 1303 827 Lan·
1393 817 1398 830 ,

196 867 380 950 dishutana,
402 865 608 931 Berolinensi
630 865 769 954 denique
787 865 930 952 juvenis,
952 865 1014 946 vir,
1037 884 1139 928 senex
1152 864 1224 950 pari
1237 864 1303 929 ala-

194 969 311 1034 critate
330 989 369 1034 ao
384 967 539 1037 facundia
553 967 695 1035 millenis
710 965 879 1054 discipulis
897 989 916 1032 e
930 964 1085 1031 cathedra
1099 987 1199 1033 sanae
1212 967 1303 1031 Juris
1355 993 1358 1000 ¹

168 1135 171 1145 ,
196 1067 313 1134 Civilis
336 1068 502 1136 doctrinae
522 1072 611 1137 viam
629 1072 852 1157 rationemque
874 1076 1197 1152 commonstraveras,
1220 1067 1302 1132 adeo

85 1233 86 1266 ἒ
194 1179 231 1234 ut
252 1158 369 1236 inerito
393 1177 572 1240 communis
591 1173 785 1240 Germaniae
799 1171 924 1237 Doctor
944 1192 1058 1258 posses
1080 1170 1247 1256 appellari,
1270 1179 1303 1236 et

192 1271 378 1361 ubicunque
399 1273 544 1342 locorum
561 1299 620 1363 per
633 1276 828 1341 universam
849 1275 988 1362 patriam
1008 1273 1159 1338 Themidi
1180 1273 1301 1357 litatur,

194 1371 432 1459 Savignianum
453 1399 572 1446 nomeu
593 1400 658 1446 uno
681 1400 736 1448 ore
758 1376 1050 1450 concelebraretur.
1093 1376 1139 1440 At
1161 1398 1250 1459 vero,
1272 1377 1301 1440 si

192 1498 213 1539 a
228 1478 593 1565 Mcqistrodiscedimus
614 1489 646 1544 et
667 1480 709 1545 ad
729 1483 910 1560 Scrzptorem
928 1479 1078 1544 conversi
1098 1479 1223 1563 ingenii
1237 1476 1301 1542 Tui

191 1577 424 1644 fecunditatem
461 1582 771 1674 amplitudinemque
805 1583 973 1650 doctrinae
1002 1580 1230 1668 expendimus,
1260 1601 1300 1644 ea

190 1701 257 1744 non
273 1679 468 1748 Germaniae
490 1683 595 1748 solum
613 1683 732 1754 finibus
755 1709 791 1754 se
810 1685 979 1752 includere
998 1705 1105 1771 passa,
1129 1683 1187 1748 sed
1200 1683 1298 1747 latius

190 1792 331 1868 evagata
355 1787 530 1850 universae
558 1786 655 1850 etiam
679 1786 831 1877 Europae
858 1788 1015 1852 terminos
1041 1785 1212 1872 complexa
1238 1793 1298 1849 est.

190 1885 276 1950 Nam
297 1883 509 1975 posteaquam
533 1886 568 1950 in
590 1885 745 1954 historico
766 1888 824 1953 illo
841 1911 938 1976 opere
961 1889 1052 1972 Juris
1073 1889 1213 1953 Romani
1233 1890 1297 1974 pri-

85 2021 86 2026 *
187 1989 317 2054 mordia
337 1992 600 2078 incrementaque
624 2013 683 2078 per
711 1989 858 2078 singulas
880 1992 981 2056 medii
1004 1993 1079 2056 aevi
1099 1990 1297 2055 vicissitudi-

187 2113 248 2155 nes
276 2092 465 2181 multiplicis
490 2094 645 2160 scientiae
672 2093 767 2182 copia
788 2093 1006 2178 illuminaras3
1040 2092 1142 2157 altero
1163 2091 1221 2157 illo
1243 2093 1297 2156 δι-

187 2194 335 2284 δακτικῷ
355 2197 457 2282 ipsius
480 2196 647 2262 doetrinae
669 2217 784 2262 causas
811 2197 1063 2283 universamque
1084 2195 1244 2258 rationem
1260 2195 1296 2258 in

186 2297 369 2362 clarissima
387 2298 459 2363 luce
474 2297 643 2376 collocasti
664 2306 761 2385 atque
782 2299 818 2362 in
837 2320 1039 2365 communem
1055 2297 1174 2362 civium
1188 2301 1295 2361 foren-

186 2421 319 2486 semque
341 2423 436 2466 usum
455 2401 696 2470 commendasti.
723 2400 838 2490 Neque
861 2402 1001 2490 denique
1021 2400 1198 2466 omittenda
1219 2408 1295 2466 sunt

186 2503 353 2589 Opuscula
380 2504 453 2587 illa,
480 2505 623 2591 quinque
648 2504 744 2570 tomis
764 2526 868 2593 nuper
889 2526 910 2569 a
927 2504 976 2570 Te
999 2503 1150 2588 collecta,
1176 2504 1294 2592 quibus

184 2604 240 2670 vel
269 2606 466 2670 Academiae
490 2607 615 2691 Regiae
637 2607 834 2674 Borussicae
859 2607 945 2674 Acta
968 2606 1023 2673 vel
1051 2606 1176 2694 Corpus
1199 2607 1293 2673 Oorn-

184 2710 418 2774 mentationum
439 2730 578 2779 auxeras
600 2719 632 2774 et
654 2733 843 2779 exornares.
1032 2703 1040 2716 ’
1217 2722 1234 2731 ”

271 2809 363 2890 Quae
381 2811 512 2898 quidem
531 2813 639 2881 studia
656 2835 730 2882 cum
742 2813 819 2879 inde
834 2811 876 2878 ab
893 2813 1026 2876 ineunte
1043 2813 1172 2876 saeculo
1188 2833 1291 2900 usque

184 2912 228 2976 ad
252 2913 395 2978 medium
423 2915 495 3002 pari
523 2916 639 3010 ardore
663 2924 854 3008 persecutus
880 2915 942 2998 sis,
972 2913 1032 2978 Vir
1056 2913 1290 2980 Celeberrime:

85 3099 86 3102 Ἴ
184 3037 246 3078 nae
269 3014 319 3080 'ru
342 3016 453 3101 hodie,
474 3018 503 3082 si
522 3019 594 3106 quis
616 3019 715 3101 alius,
742 3026 835 3106 potes
856 3017 955 3084 rebus
975 3017 1108 3101 egregie
1125 3019 1206 3107 actis
1227 3018 1291 3082 lae-

85 3113 86 3118 ’
182 3118 247 3202 tari
262 3125 427 3206 tamquam
445 3119 746 3188 honestissimorum
762 3121 998 3208 stipendiorum
1009 3118 1191 3184 Veteranus
1201 3122 1291 3203 3'nos

182 3241 262 3284 vero
285 3218 362 3286 Tibi
391 3222 582 3310 civibusque
610 3224 730 3290 nostris
759 3245 933 3310 possumus
963 3221 1160 3287 acclamare:
1197 3223 1291 3288 Vixit

160 3321 254 3405 qllle,
269 3322 356 3409 quod
371 3324 458 3410 apud
468 3325 671 3392 Antoninum
693 3335 752 3410 est,
772 3349 877 3415 usque
897 3326 940 3392 ad
955 3324 1114 3409 Plaudite,
1137 3335 1169 3390 et
1183 3327 1290 3414 quoad

181 3425 216 3489 in
238 3425 325 3514 vivis
348 3428 424 3512 erit,
456 3427 616 3494 bonorum
636 3429 697 3494 Ille
719 3431 864 3498 omnium
884 3429 1036 3516 plausum
1057 3429 1156 3512 feret,
1185 3429 1290 3494 donec

182 3528 335 3594 dimissus
358 3529 399 3595 ab
419 3530 479 3614 Eo,
502 3531 608 3618 quiet
629 3533 852 3622 committendi
872 3541 905 3598 et
925 3528 1128 3596 dissolvendi
1142 3535 1289 3596 certami-
1314 3562 1317 3567 >

85 3623 86 3632 ’
180 3633 231 3713 nis
254 3631 377 3698 arbiter
398 3640 456 3717 est,
476 3632 603 3700 illibata
620 3635 743 3723 palma,
766 3645 799 3702 et
818 3634 1016 3724 perennibus
1036 3633 1190 3722 praemiis
1213 3657 1286 3725 conj

181 3732 397 3800 decorabitur.

165 3893 168 3898 .
265 3837 362 3919 Quod
391 3838 552 3926 reliquum
585 3848 647 3925 est,
682 3861 850 3928 speramus
880 3839 961 3906 haec
979 3840 1065 3905 Vota
1091 3836 1169 3902 Tibi
1195 3845 1289 3921 grata

179 3949 375 4027 acceptaque
393 3941 472 4024 iore,
494 3943 647 4028 quoniam
659 3964 725 4006 non
736 3943 842 4008 solum
858 3966 879 4007 a
890 3942 1069 4008 cultoribus
1082 3940 1162 4004 Tuis
1174 3962 1288 4004 verum

179 4045 276 4108 etiam
301 4065 339 4107 ea
360 4044 395 4107 in
405 4043 585 4109 Academia
606 4045 841 4131 concipiuntur,
861 4047 897 4108 in
912 4066 977 4130 qua
998 4042 1135 4108 antehac
1154 4041 1289 4105 Donelli

179 4154 277 4232 atque
298 4145 471 4213 Gotofredi
491 4147 788 4234 Jurisprudentiam
809 4148 998 4231 docuerunt,
1020 4167 1101 4234 quos
1124 4142 1175 4208 Tu
1197 4144 1286 4209 viros

164 4237 244 4314 ¹·non
263 4250 370 4315 minus
392 4249 530 4336 suspicis
553 4257 651 4336 atque
672 4257 799 4315 nosmet
818 4250 882 4336 ipsi
904 4249 978 4316 illos
997 4249 1202 4336 suspicimus.

263 4351 378 4440 Itaque
397 4352 471 4418 vale
494 4360 526 4416 et
548 4352 665 4417 studiis
685 4352 807 4416 nostris
825 4352 912 4418 fave.
959 4409 970 4422 ,

262 4453 485 4540 Heidelberga
502 4453 613 4520 Pridie
635 4452 803 4520 Kalendas
824 4453 1027 4520 Novembres
1048 4476 1079 4519 a.
1097 4471 1250 4520 κυοῦσι.
