3167 5192
348 492 409 555 idi

405 708 411 717 .
430 658 699 747 Superstitionem
714 658 893 727 tollendum
916 684 989 727 esse
1010 662 1183 747 statuebat,
1202 685 1302 753 qnam
1317 664 1377 753 qui
1393 683 1463 729 ma·
1495 722 1496 755 Τ

345 764 449 847 xime,
477 770 511 827 et
531 762 689 829 radicitus
717 762 978 850 exstirpandam:
1009 764 1202 851 religionem
1218 788 1285 833 non
1305 766 1461 833 tollebat.
1495 818 1496 845 ,

344 864 441 929 lllam
460 865 557 947 enim,
575 864 713 931 historia
730 863 881 948 edoctus,
913 876 1051 933 noverat
1071 868 1178 933 fusam
1199 868 1298 933 latius
1326 869 1463 935 animos

344 966 510 1034 bominum
531 968 714 1055 opprimere
734 989 909 1055 eorumque
928 966 1186 1037 imbecillitatem
1200 993 1381 1059 occupare;
1407 994 1465 1035 ne·
1495 1002 1496 1049 q

343 1093 408 1159 que
435 1090 647 1159 quemquam,
666 1068 775 1135 eidem
797 1069 963 1135 addictum
985 1070 1242 1161 obnoxiumque,
1265 1096 1364 1161 posse
1390 1096 1464 1139 um·

343 1194 442 1261 quarn
469 1173 580 1259 quieta
602 1180 710 1237 mente
738 1172 934 1255 consistere,
964 1194 1062 1261 saepe
1088 1176 1186 1241 etiam
1212 1175 1283 1241 fieri
1306 1184 1344 1241 ut
1368 1176 1464 1241 idem

342 1276 387 1341 ad
407 1273 535 1360 damtia
553 1270 776 1359 compellatur.
820 1272 1140 1362 Religiolqnantum,
1162 1278 1284 1367 optima
1305 1299 1462 1365 quaeque

342 1378 494 1461 maxinm,
516 1376 631 1462 generi
651 1374 792 1441 humano
810 1374 980 1464 profuerit,
1000 1380 1116 1445 eadem
1133 1380 1269 1446 historia
1294 1380 1461 1464 magistre

310 1506 314 1511 ’
342 1480 513 1546 didicerat.
557 1479 725 1561 Ceterum,
745 1477 834 1565 quod
855 1480 890 1543 in
908 1500 946 1545 eo
966 1478 1097 1547 bomine
1118 1482 1258 1565 mireris,
1278 1482 1314 1547 in
1335 1482 1461 1547 aetatis

343 1581 451 1649 virilis
461 1581 655 1663 constantis,
674 1580 868 1666 religionem
886 1582 957 1668 ipss
974 1604 1076 1667 suam,
1097 1568 1298 1649 avividiore
1314 1586 1461 1673 penitio-

341 1706 442 1773 reque
463 1684 573 1749 animi
585 1681 848 1770 quodamsensu
868 1682 1053 1769 abductam,
1072 1685 1177 1771 magis
1199 1686 1235 1751 in
1253 1694 1344 1751 certa
1365 1710 1459 1753 men·
1495 1700 1496 1703 ’

340 1790 384 1853 tis
413 1787 610 1873 cogitatione
642 1784 802 1849 contineri
833 1786 976 1853 volebat.
1025 1786 1140 1875 Neque
1172 1797 1281 1857 tamen
1309 1812 1366 1856 eos
1398 1792 1459 1855 im·

339 1886 518 1977 pugnabat,
539 1888 597 1975 qui
615 1885 710 1952 aliter
732 1889 901 1954 sentirent.

425 1992 466 2056 In
492 1992 561 2055 vita
584 1998 617 2055 et
643 1989 790 2057 moribus
817 1994 845 2057 is
875 2000 945 2059 erat
973 1996 1206 2073 luculentaster,
1238 1996 1295 2081 qui
1316 1996 1457 2063 vivendi

339 2097 482 2161 rationes
502 2093 611 2159 nullas
632 2094 837 2159 extrinsecus
860 2116 1034 2182 snspensas
1057 2095 1208 2161 haberet:
1231 2096 1352 2161 etenim
1369 2097 1456 2165 sicut

339 2200 374 2261 in
391 2197 556 2280 cretione,
574 2197 623 2261 sic
643 2196 679 2261 in
699 2196 827 2263 actione
848 2218 1024 2284 germanus
1046 2196 1245 2283 Socraticus,
1269 2200 1325 2286 qui
1347 2199 1455 2285 philo·

339 2300 486 2389 sophiam
513 2298 558 2364 sd
587 2322 694 2365 mores
713 2298 862 2366 referret.
906 2300 1110 2389 Polycletum
1131 2300 1257 2384 ferent,
1287 2302 1467 2393 insignem,

339 2406 548 2485 statuarium,
577 2400 698 2466 librum
719 2401 760 2467 de
777 2403 916 2469 artificio
938 2424 997 2469 suo
1019 2402 1177 2487 edidisse,
1206 2424 1302 2489 quem
1324 2424 1455 2469 canona

337 2506 597 2594 inscripsitque
616 2502 701 2569 libro
721 2506 840 2589 omnia,
864 2527 947 2594 quae
966 2506 1001 2572 in
1015 2504 1155 2583 hominis
1171 2512 1279 2571 staura
1294 2505 1453 2591 fingenda

338 2608 508 2674 observari
528 2627 582 2671 ars
599 2605 748 2691 juberet,
760 2655 765 2674 ,
778 2605 992 2673 subtilissime
1013 2606 1181 2695 explicuit.
1225 2606 1352 2673 Eodem
1372 2618 1452 2673 tem-

336 2728 415 2800 pore
437 2718 578 2777 statuam
598 2730 620 2772 a
636 2730 672 2774 se
691 2711 874 2773 confectam
892 2708 1023 2797 publice
1041 2710 1219 2797 proposuit,
1240 2710 1276 2773 in
1297 2731 1364 2799 qua
1383 2732 1451 2775 om·

336 2814 394 2877 nia
421 2835 460 2877 ea
488 2810 665 2898 diligenter
696 2809 871 2877 observata
904 2820 1011 2896 erant3
1042 2834 1139 2899 quam
1172 2819 1313 2880 statuam
1342 2814 1451 2899 ipsam

337 2910 466 3004 qnoque
494 2935 620 2980 canona
644 2914 834 2979 nominavit.
878 2912 963 2979 Eam
990 2914 1150 2980 rationem
1170 2912 1290 2979 Noster
1317 2924 1450 2982 secutus
1495 2920 1496 2935 ³

336 3028 400 3102 est,
436 3019 495 3105 qui
520 3025 554 3081 et
580 3016 654 3081 aliis
674 3016 812 3081 honesta
830 3018 1050 3105 praeciperet,
1076 3026 1108 3083 et
1125 3016 1168 3083 ad
1189 3014 1336 3102 regulam
1357 3039 1449 3083 suam

263 3120 268 3129 '
335 3121 405 3207 ipse
432 3121 547 3185 virere
573 3118 751 3183 videretur.
803 3116 1004 3187 Socraticum
1036 3118 1200 3183 hominem
1227 3116 1289 3185 hoe
1320 3140 1450 3206 quoque

215 3302 224 3317 .
336 3223 459 3308 arguit,
492 3220 580 3310 quod
604 3219 825 3309 philosophia,
857 3229 1022 3308 tamquam
1043 3242 1123 3287 vera
1155 3221 1257 3291 enimi
1283 3220 1449 3289 medicina

335 3346 424 3409 mus,
446 3324 511 3390 sibi
530 3325 603 3413 ipse
623 3323 890 3410 mederi-posset.
934 3322 1017 3391 Inde
1038 3322 1160 3391 factum
1181 3330 1241 3406 est,
1262 3331 1299 3387 ut
1320 3322 1363 3389 ab
1382 3345 1448 3387 om·

333 3427 431 3493 nibus
451 3437 485 3493 et
505 3425 739 3514 cupiditatibus
760 3435 793 3493 ot
811 3424 1085 3495 sollicitudinibus
1106 3422 1205 3493 liberi
1223 3423 1333 3491 vultus
1365 3446 1448 3490 sem·
1495 3434 1496 3465 ³

320 3550 394 3614 =per
414 3529 503 3595 idem
527 3536 625 3595 essct.

418 3630 533 3720 Neque
550 3632 658 3696 minus
680 3652 809 3696 omnem
827 3632 951 3697 victum
972 3627 1157 3717 cultumque
1180 3627 1223 3693 ad
1245 3626 1446 3695 Socraticam

333 3732 497 3799 referebat
517 3732 749 3819 frugalitatem.
773 3732 928 3813 Quotidie
945 3732 1050 3797 fessas
1073 3730 1254 3797 studiorum
1276 3728 1445 3798 laboribus

332 3836 421 3901 vires
447 3833 675 3901 honestissime
703 3834 873 3901 reficiebat
896 3834 1110 3917 ambuland03
1143 3856 1205 3921 quo
1228 3830 1310 3899 illud
1334 3840 1446 3899 eonse-

333 3946 427 4003 cutus
458 3947 524 4023 est,
553 3946 589 4003 ut
612 3937 676 4002 sibi
699 3958 876 4025 numquam
897 3944 1041 4024 torperet
1062 3936 1260 4011 desiderium
1278 3932 1360 4017 cibi,
1394 3934 1447 3999 cui

332 4040 511 4127 digerendo
533 4062 605 4104 eam
626 4062 737 4105 curam
757 4038 943 4123 adhibebat,
966 4046 1003 4103 ut
1023 4062 1043 4104 a
1064 4060 1166 4107 coena
1184 4036 1341 4103 recedens
1355 4036 1446 4125 quie-

332 4152 399 4217 tem
418 4144 547 4231 corpori
569 4142 671 4226 daret,
693 4144 838 4207 animum
858 4140 1128 4207 lectiunculsmm
1143 4140 1303 4207 suavitate
1317 4159 1445 4203 recrea·

332 4254 393 4311 ret.
424 4242 528 4333 Saepe
550 4246 648 4311 etiam
669 4244 849 4329 lavabatur,
870 4244 1035 4309 interdum
1055 4242 1109 4309 vel
1131 4266 1190 4331 per
1208 4242 1297 4308 veris
1318 4248 1444 4307 autum·

331 4348 430 4435 nique
450 4348 685 4436 intemperiem.
719 4347 755 4413 Si
777 4346 907 4436 quando
927 4346 1100 4413 subseciva
1120 4346 1280 4433 quaedem
1295 4352 1443 4433 tempora

330 4450 561 4535 incurrissent,
595 4474 633 4516 ea
659 4450 715 4515 ille
743 4450 851 4535 perire
873 4471 940 4513 non
960 4448 1162 4536 patiebatur,
1196 4448 1253 4515 sed
1275 4448 1443 4515 venationi
