3167 5192
1156 516 1170 538 ⁴
1245 493 1307 557 219

197 661 358 728 monitore
378 656 576 726 Ruhnkenio
594 676 682 726 meo:
708 659 749 726 In
763 651 976 726 Valckenarii
994 655 1117 744 locum,
1139 652 1307 728 annitente

89 763 113 770 ”
197 761 549 847 eodomauuhnkonio,
570 771 771 828 successerat
791 751 967 847 Lanarius,
982 765 1044 851 'qui
1063 783 1124 850 per
1144 763 1308 830 calamita

198 885 277 929 sam·
290 863 389 951 hujus
409 863 507 950 tubis·
525 863 652 930 sladem
674 884 849 952 oppressus
867 873 901 932 et
922 869 1103 932 exstinctus
1125 875 1186 931 est.
1246 957 1250 965 .
1298 910 1302 919 .

286 961 465 1052 Savignius
486 967 542 1034 llle
560 962 636 1034 ‘titus
658 968 746 1034 idem
765 968 896 1035 videtur
917 988 989 1033 esse
1010 970 1067 1054 qui
1090 968 1179 1039 edito
1195 967 1307 1038 libello

89 1065 91 1102 ³
197 1075 233 1134 cle
260 1079 374 1134 namra
392 1077 584 1150 posessione
605 1090 757 1156 magnum
778 1071 908 1136 laudem
923 1080 1117 1137 consecutus
1134 1079 1201 1135 est:
1219 1073 1309 1158 quod

196 1163 425 1259 argumentum
446 1165 578 1240 nostres·
599 1173 758 1260 Oup‘erus,
778 1196 871 1239 mens
890 1174 1053 1261 qnondam
1073 1165 1256 1260 discipulus
1273 1175 1309 1242 itt

195 1275 329 1356 Literis,
350 1269 709 1361 praeambulantium,
730 1277 957 1363 Gottingensis
981 1276 1169 1360 Professor,
1189 1285 1307 1342 naua-

89 1373 90 1392 *
195 1385 292 1442 runt·
311 1376 386 1461 Ego
406 1391 485 1443 vero
507 1381 682 1464 numquam
705 1379 775 1443 sine
798 1378 909 1444 dolore
931 1380 973 1445 de
992 1371 1164 1467 praesento
1183 1380 1308 1445 Litora
1330 1415 1335 1422 ·

195 1473 268 1545 runi
279 1479 326 1542 'in
340 1476 518 1544 Germania
537 1473 724 1546 conditione
743 1481 866 1565 cogito:
885 1481 1035 1568 inprimis
1055 1481 1097 1548 de
1111 1481 1322 1550 uootssimis‘

89 1597 90 1654 3
193 1583 294 1665 viris,
325 1603 461 1668 quorum
490 1581 637 1648 fortunas
665 1583 788 1650 bellum
817 1583 872 1649 vel
897 1584 1028 1650 urbium
1050 1580 1309 1663 vastatione'vel
1366 1581 1380 1620 ³

89 1663 91 1694 ’
197 1685 360 1750 ditionum
382 1687 595 1750 conversione
617 1685 747 1752 afflixit.

281 1782 330 1850 ln*
350 1783 547 1850 Heracliteis
574 1807 653 1853 vero
681 1787 829 1877 reliquiis
849 1784 1042 1872 colligendis
1066 1796 1098 1854 et
1120 1785 1256 1856 edendis
1279 1788 1308 1855 s'i

89 1881 90 1886 ἵ
194 1885 328 1977 operam
349 1892 440 1953 tuam
460 1882 581 1976 ponere
597 1886 792 1974 decreveris,
813 1882 1064 1977 approbatorem
1080 1882 1168 1957 certe
1182 1886 1234 1958 me
1252 1893 1309 1957 ha-

193 1991 308 2056 bebis:
321 1988 468 2054 tortasse
484 1991 597 2074 etlam,
621 1991 648 2056 si
664 1990 796 2078 quidem
811 1991 971 2073 volueris,
992 1991 1190 2077 adjutorem:
1210 1992 1307 2059 modo
1424 2006 1428 2014 ’

89 2079 90 2130 5
194 2089 322 2179 aliquid
350 2091 497 2178 copiolae
524 2094 605 2158 meis
628 2093 663 2158 in
685 2093 894 2158 Adversariis
916 2091 1032 2173 lateat,
1060 2085 1123 2158 hoc
1149 2086 1308 2182 quidquid

89 2219 90 2266 ς
196 2195 239 2258 sit
258 2191 338 2258 Tibi
366 2193 489 2261 defero.
512 2233 555 2244 -
581 2193 669 2260 Illud
690 2196 841 2283 inprimis
864 2213 956 2276 cura,
972 2186 1166 2280 'ut'valeas,
1195 2197 1308 2284 ‘leque

194 2296 291 2364 nobis
311 2295 480 2382 literisque
498 2317 620 2364 serves.
651 2297 704 2362 Ita
722 2318 836 2362 rursus
848 2296 1093 2397 valemilrique,
1116 2293 1308 2385 quodfaeis',

90 2435 91 2442 κ
194 2397 282 2466 lave.
326 2397 454 2484 ¹Scripsi
474 2398 598 2466 Leidae
620 2399 657 2465 da
678 2404 727 2466 16.
753 2399 955 2488 Septembris
978 2420 1009 2464 a.
1022 2424 1028 2500 j
1034 2401 1127 2469 1808.
1184 2437 1189 2447 -
1248 2436 1253 2446 ·
1297 2432 1300 2441 .

89 2609 90 2658 3
210 2635 213 2643 ·
259 2590 303 2674 tt
316 2601 534 2657 sxcnsrnuu
547 2601 742 2654 mustiones
763 2604 943 2656 canonum·
956 2607 1007 2656 nn
1021 2602 1241 2658 nossemus.

230 2763 238 2775 ,
279 2708 361 2773 Viro
388 2705 785 2793 plurimmnReverendo
812 2719 846 2774 et
875 2701 1067 2775 Clarissimo
1092 2707 1217 2773 Jsccbo
1237 2707 1309 2775 lto·

191 2813 289 2880 rellio
316 2809 350 2874 S.
375 2807 420 2872 D.
448 2809 485 2872 P.
514 2808 617 2874 ‹Fred
645 2808 797 2876 Oreuzer.
841 2811 1021 2897 Insigniter
1043 2834 1097 2876 me
1117 2810 1331 2903 devinxistl„

192 2918 255 2982 Vir
279 2911 477 2994 clarissime,
507 2919 539 2976 et
567 2911 705 2996 epistola
726 2912 799 2978 Tua
821 2922 854 2978 et
875 2915 1024 2978 variante
1046 2913 1186 2979 lectione
1200 2909 1309 2978 (todi

194 3039 270 3085 cnm
292 3015 492 3082 Venetorum
514 3013 596 3078 libri·
612 3012 790 3078 Plotiniani
813 3015 891 3098 ascl
910 3009 1100 3108 ἆθανασίᾳς
1123 3015 1242 3097 ψυχῆς.
1263 3045 1306 3064 u

193 3119 292 3204 Quod
310 3115 440 3206 quaeris
462 3115 508 3180 de
518 3118 669 3182 Boeclcltto
688 3135 792 3203 nuper
807 3117 944 3204 Collega
958 3139 1041 3200 meo,
1062 3117 1144 3181 abiit
1157 3115 1215 3180 ille
1230 3124 1306 3185 ante

191 3223 257 3290 hoe
278 3219 447 3287 biennium
467 3228 602 3284 vocatus
617 3217 824 3303 Beroliuum,
853 3220 913 3285 nbi
933 3221 1048 3286 eodem
1069 3220 1141 3284 fere
1160 3229 1306 3306 tempore

191 3323 317 3412 produt
338 3319 474 3389 Pindari
501 3320 544 3384 ab
571 3343 610 3386 eo
635 3323 800 3408 procurati
822 3320 944 3386 'lomus
968 3323 1072 3408 prior,
1086 3315 1090 3322 ’
1103 3317 1160 3408 qui
1179 3330 1306 3387 textum

192 3426 293 3492 habet
313 3445 401 3488 nova
422 3422 548 3488 ratione
563 3424 699 3488 metrica
716 3424 908 3511 dispositum
923 3423 1073 3488 versibus
1090 3422 1304 3509 longioribus.

194 3527 302 3610 Quem
322 3524 441 3590 librum
458 3526 559 3590 miror
578 3524 696 3592 ad'TE
716 3549 782 3602 non
804 3550 876 3593 esse
897 3527 1042 3591 missum.
1087 3526 1176 3593 Malo
1197 3536 1307 3592 tamen
1426 3519 1455 3563 ‘¹

193 3629 344 3711 credere,
378 3625 583 3692 vitiumhoc
612 3650 683 3693 esse
712 3629 861 3718 impediti
888 3627 1045 3694 librorum
1072 3629 1158 3694 istuc
1178 3631 1306 3696 mitten-

194 3733 310 3800 dorum
335 3726 479 3810 itineris,
505 3749 601 3814 quam
629 3727 775 3798 Editoris
801 3731 1045 3816 negligentiam.
1097 3730 1189 3814 Quae
1205 3733 1307 3800 enim

194 3834 272 3900 Tibi
293 3833 434 3920 plurima
456 3829 575 3896 debeat
595 3833 665 3918 ipse
689 3833 810 3900 fatetur
831 3834 867 3898 in
881 3832 1091 3900 Praefatione
1112 3857 1145 3921 p.
1166 3833 1233 3899 VII
1255 3855 1304 3919 sq.

193 3909 246 4002 h‘is
268 3933 395 4000 verbis:
418 3933 911 4021 -«„etinprima01y1npiea
932 3934 995 4000 oda
1022 3946 1147 4024 septem
1167 3935 1305 3998 Marcia-

193 4057 310 4104 norum
339 4035 496 4102 librorum
521 4055 616 4102 usum
642 4035 865 4101 liberalissimi
885 4039 1009 4125 Heyuii
1031 4039 1187 4104 debemus
1208 4035 1305 4101 bene·

194 4141 279 4206 ficio.
323 4136 450 4205 Horum
478 4137 633 4204 lectiones
661 4160 681 4202 a
710 4160 786 4204 sene
807 4139 1007 4204 humanitate
1028 4141 1139 4205 nescio
1165 4161 1208 4203 an
1231 4135 1305 4204 doc-

195 4245 283 4310 trina
309 4243 414 4328 magis
442 4239 581 4326 insigni,
610 4239 733 4307 Jacobo
756 4241 906 4308 Morellio
935 4251 1125 4330 excerptae,
1149 4264 1249 4331 quum
1270 4241 1305 4306 in
1427 4280 1431 4289 ·

195 4367 284 4412 mess
305 4366 420 4410 manus
441 4343 617 4428 venissent,
639 4341 810 4411 Morellius
830 4366 851 4410 s
872 4369 925 4411 me
941 4354 1075 4431 rogatus
1090 4346 1125 4410 in
1139 4343 1305 4413 cumulum

197 4447 298 4514 officii
314 4447 437 4534 adjecit
457 4448 649 4516 varietatem
677 4447 854 4516 eorundem
877 4447 1034 4517 codicum
1060 4471 1103 4518 ex
1123 4447 1252 4538 Pythiis
1272 4453 1306 4514 et
