3167 5192
1217 436 1277 498 135
1293 427 1300 434 ’

165 601 308 669 cissima
326 623 440 690 opera:
469 602 518 668 sie
540 603 700 668 sermonis
718 603 823 668 nostri
844 598 976 668 horrida
995 603 1137 691 primum
1157 613 1191 670 et
1210 580 1291 672 m,
1353 620 1357 630 “

160 703 227 769 bra
254 702 374 786 facies,
406 724 473 770 uon
504 705 570 770 niai
595 705 743 770 adsiduis
770 703 970 770 eruditorum
991 706 1107 772 studiis
1130 707 1173 772 ad
1195 707 1280 774 hanc
1319 771 1325 787 ,
1365 759 1366 764 1
1396 743 1398 754 ι

161 805 364 891 elegantiam
385 805 546 892 laevigari
568 816 600 872 et
618 807 718 894 poliri
735 806 853 893 potuit.

250 907 320 974 Ubi
337 930 417 973 rere
435 909 472 974 in
492 918 638 974 nostram
656 909 824 974 civitatem
844 915 877 972 et
890 907 1102 972 Academiam
1117 909 1278 982 adscitum

161 1034 200 1077 se
221 1011 319 1094 vidit,
340 1011 451 1076 statim
472 1011 520 1076 ita
535 1019 624 1078 totus
638 1019 751 1076 noster
765 1011 872 1076 faoms
889 1017 946 1092 est,
965 1009 1097 1076 nt-nihil
1112 1013 1276 1100 antiquius

160 1115 316 1198 duceret,
351 1135 450 1201 quam
475 1135 542 1202 quo
567 1114 688 1180 nostris
719 1112 898 1180 commodis
922 1112 1098 1178 inserviret
1124 1117 1282 1182 maxime.-

160 1214 274 1296 Quod·
291 1237 358 1282 non
386 1215 507 1284 scholis
528 1215 641 1298 modo,
669 1235 751 1302 quas
772 1214 850 1280 inde
870 1215 1012 1302 aperuit,
1034 1201 1199 1302 cognitam
1217 1225 1277 1301 est,

159 1337 283 1382 veram
303 1317 412 1401 etiam,
430 1340 512 1406 quos
533 1317 687 1404 deinceps
704 1316 844 1403 scripsit,
867 1315 1025 1386 librorum
1039 1319 1128 1382 omni
1143 1339 1275 1404 genere.

248 1418 304 1484 De
330 1419 393 1484 hoc
419 1429 457 1486 ut
481 1421 623 1508 primam
649 1419 834 1502 videamus,
868 1417 969 1506 elegit
995 1418 1059 1486 sibi
1087 1441 1130 1484 cx
1150 1419 1283 1491 infinita·

158 1542 274 1588 rerum
306 1520 514 1588 multitudine
544 1522 818 1608 historiarumque
853 1523 1013 1586 immensa
1049 1523 1208 1588 varietate
1238 1537 1279 1588 ea

160 1623 351 1710 praecipue,
370 1641 454 1711 quae
474 1623 519 1688 ad
536 1645 591 1688 res
607 1628 773 1689 Hsau‘scsr
786 1621 997 1690 illustrandas
1015 1623 1171 1708 facerent,
1191 1625 1278 1712 qued

159 1748 205 1790 ex
228 1726 425 1812 scriptorum
438 1725 589 1812 catalogo
602 1726 691 1792 infra
705 1725 936 1813 subjungendo
950 1728 1127 1814 unicuique
1140 1725 1276 1813 patebit.

157 1827 245 1892 Erat
274 1827 312 1892 in
332 1827 385 1892 his
405 1827 462 1894 ille
482 1827 582 1912 liber,
614 1851 712 1918 quem
738 1828 831 1894 velut
857 1827 1067 1894 maturiorem
1095 1827 1277 1893 studiorum

158 1950 299 1999 sucrum
325 1929 468 1997 fructum
491 1951 595 1996 senex
614 1930 764 2018 protulit,
790 1953 854 2018 quo
875 1935 1094 2000 Haustaoarsm
1117 1940 1278 1996 terrarum

159 2041 296 2117 natrrra,
324 2032 512 2098 constitutio
537 2032 736 2120 reipublicae
761 2041 794 2096 et
820 2032 1073 2114 administratio,
1101 2053 1184 2120 quae
1204 2031 1277 2098 Sta-

158 2137 273 2200 fistice
292 2135 426 2218 dicitur,
448 2154 576 2200 summa
596 2142 630 2198 et
650 2134 822 2220 diligentia
840 2142 873 2198 et
893 2132 1044 2199 doctrina
1062 2135 1096 2198 in
1117 2136 1191 2202 luce
1211 2135 1275 2200 col·
1309 2157 1315 2168 ‘

158 2237 300 2303 locatur.
608 2249 611 2262 “
882 2275 888 2292 =
1273 2261 1275 2264 ’
1329 2249 1332 2258 ’

247 2339 365 2420 erid?
399 2341 603 2404 &maanes
628 2343 722 2418 susus
748 2337 1001 2426 descriptionem
1021 2347 1060 2403 et
1079 2337 1185 2426 leges,
1207 2338 1277 2402 fata

159 2450 192 2509 et
212 2441 463 2508 vicissitudines
477 2440 578 2528 inque
596 2456 666 2506 rem
678 2438 857 2504 literarium
872 2441 998 2523 merita,
1020 2443 1170 2528 exposuit
1190 2463 1275 2506 com·
1383 2441 1384 2448 ’

157 2541 428 2629 mentaticnibus,
451 2563 532 2629 quas
553 2563 613 2628 per
633 2541 838 2608 academicae
861 2543 1048 2608 occasiones
1070 2543 1183 2626 edidit,
1204 2543 1276 2631 plu-

157 2647 274 2728 rimas,
296 2643 379 2710 atsi
398 2642 483 2710 nihil
501 2641 594 2710 aliud
613 2644 840 2729 praestitisset,
860 2665 1019 2710 summam
1041 2645 1183 2730 anobis,
1205 2649 1282 2734 qui.

157 2767 292 2834 cunque
319 2744 425 2830 hujus
439 2744 641 2814 Academiae
664 2743 761 2810 bonis
777 2744 932 2830 fruimur,
955 2749 1094 2832 gratiam
1115 2748 1199 2813 inire
1219 2753 1275 2814 de-

157 2848 250 2916 beat.
278 2846 428 2919 Difficile
445 2868 526 2915 sanc
546 2856 598 2913 est
615 2847 650 2913 in
671 2846 734 2912 hac
751 2848 825 2934 ejus
844 2849 1057 2935 scriptionum
1073 2853 1167 2938 copia
1185 2859 1274 2917 certo

91 3003 92 3009 ι
158 2950 311 3032 detnsa,
327 2970 487 3036 quaenam
501 2948 556 3014 vel
571 2948 746 3023 adlaboris
758 2949 941 3017 molestiam
951 2951 1109 3038 impedita
1122 2953 1274 3035 maxime,

157 3052 214 3121 vel
235 3051 403 3122 uberrima
430 3050 474 3117 ad
495 3050 723 3134 eruditionem,
747 3051 802 3118 vel
829 3052 968 3138 denique
990 3051 1033 3118 ad
1053 3055 1196 3124 rationes
1217 3078 1272 3120 no-

157 3162 246 3220 stras
273 3151 449 3221 utilissima
476 3153 642 3220 censenda
666 3154 719 3219 sit
768 3154 984 3240 Praecipuum
1007 3162 1116 3220 tamen
1142 3155 1273 3222 laudem

155 3277 288 3323 merare
305 3254 476 3323 videntur:
499 3261 587 3321 Fasti
603 3261 651 3320 illi
667 3259 828 3322 Raetorum
844 3261 1110 3337 Prorectomasque
1130 3261 1279 3322 Mereor-1
1362 3245 1372 3266 ⁴

91 3388 92 3393 ¹
155 3365 297 3438 ommni
316 3356 359 3422 ab
380 3354 586 3423 incunabulis
606 3355 815 3440 Academiae,
837 3357 954 3445 quibus
976 3357 1210 3426 Fsln'ualcl
1225 3360 1271 3425 Π.
1318 3438 1319 3442 ¹

155 3459 369 3544 Landgsavii
387 3457 546 3528 Naalitia
565 3458 837 3546 quinquagesima
862 3467 979 3527 octava
999 3459 1159 3548 simulque
1179 3483 1272 3527 suma

91 3636 92 3647 ,
156 3568 345 3633 Academiae
365 3565 617 3628 Semi-recussus
638 3559 836 3627 celebranda
853 3562 984 3632 indixit.

245 3665 361 3751 Ipsum
386 3664 532 3750 quidem,
560 3670 597 3728 ut
624 3660 688 3729 huo
713 3671 875 3750 revertar,
908 3663 1134 3732 Prorectorem
1154 3664 1272 3734 iterum

159 3768 274 3858 (anns
296 3779 569 3835 cmmccnxxvu.
592 3772 625 3829 et
641 3765 813 3852 LXXXVI),
841 3766 1012 3833 Decanum
1033 3775 1144 3838 autem
1163 3767 1270 3836 Philo-

158 3869 290 3960 sophiai
302 3869 432 3958 ¹ordinis
452 3868 625 3956 aliquoties
647 3866 733 3935 vidit
752 3867 942 3965 Academia.

244 3973 289 4037 In
316 3969 650 4059 quibusmuueribus
678 3967 837 4036 obeundis
864 3969 929 4034 fide
955 3979 988 4036 et
1014 3971 1173 4059 religione
1201 3982 1271 4040 erat

161 4097 307 4159 summm
328 4093 449 4161 sasque
470 4073 608 4141 virute
629 4072 803 4160 praecipue
823 4071 858 4135 in
882 4071 1082 4138 Professoris
1100 4077 1271 4162 provincia

159 4178 309 4266 gerenda
335 4186 369 4245 et
390 4183 625 4256 praelectionum
650 4177 778 4243 ratione
798 4175 960 4258 exseruit3
986 4175 1027 4240 de
1046 4176 1163 4262 quibus
1182 4199 1270 4244 nune

159 4280 278 4368 paucis
300 4277 474 4347 dicendum
500 4287 561 4345 est.
603 4277 680 4350 Jam
705 4297 800 4360 vero,
829 4284 866 4340 ut
886 4299 941 4344 eas
964 4278 1122 4362 omittam,
1149 4279 1267 4366 quibus

159 4383 336 4474 scripturos
354 4388 491 4454 rotome
509 4379 676 4471 explicuit,
693 4381 729 4453 ia
749 4379 865 4450 ceteris
886 4380 1033 4472 quidem,
1050 4389 1119 4448 tum
1140 4367 1292 4491 omnem
