3167 5192
596 419 609 460 Ι

324 503 385 570 iil

323 672 495 740 Neminem
515 673 586 742 vidi
605 675 663 762 qui
683 675 755 764 ipso
774 677 880 767 magis
895 679 930 742 in
950 673 1211 765 philosophando
1231 699 1312 746 suus
1334 687 1458 746 suet:

324 775 431 858 Quem
453 798 515 863 ego
536 797 610 844 curn
630 777 867 844 alienissimum
886 779 1082 866 reperissem
1101 778 1145 844 ab
1164 801 1278 847 eorum
1299 784 1458 866 atione,

323 881 394 966 qui,
416 879 506 970 quod
525 881 613 968 apud
634 880 826 948 Ciceronem
852 882 895 948 de
915 882 1035 948 Stoicis
1056 903 1130 948 esse
1151 884 1253 967 uoeti,
1280 896 1311 950 et
1331 893 1458 965 spinas

323 991 436 1050 sullam
463 995 492 1052 ct
516 1004 584 1050 osso
614 989 748 1062 nudum:
785 1005 860 1051 oum
890 986 964 1072 ipso
994 982 1076 1050 mibi
1105 986 1240 1071 egregie
1268 989 1456 1054 convenit.

324 1087 417 1152 Idem
438 1085 665 1175 physiologiae
690 1109 824 1175 operam
850 1085 951 1152 dabat
977 1106 1040 1152 uec
1065 1094 1195 1154 veteres
1222 1087 1455 1177 philosophos

324 1189 524 1276 negligebat,
545 1191 720 1277 praecipue
734 1189 905 1257 Platonem
919 1189 1159 1277 Plotinumque,
1180 1192 1237 1277 qui
1257 1213 1321 1258 sue
1341 1194 1456 1260 uber-

323 1303 391 1362 tate
419 1291 665 1380 compleverunt
693 1293 838 1382 reliquos
863 1292 1075 1381 philosophos
1096 1313 1220 1360 onmes.
1262 1296 1454 1383 Abeggius

324 1417 551 1484 portentent,
576 1397 628 1461 vir
656 1397 768 1482 gravis
795 1400 895 1485 inque
913 1395 1127 1484 scriptoribus
1147 1397 1265 1484 priscis
1289 1421 1367 1464 oum
1388 1421 1453 1464 aa·

325 1501 481 1566 eristum
506 1497 579 1564 aliis
602 1498 696 1567 docte
719 1509 885 1583 versatus,
907 1484 1107 1564 creberrimo
1125 1521 1254 1566 mecum
1274 1501 1452 1590 colloquio

325 1604 482 1690 conqueri
507 1600 647 1686 solebat,
677 1602 797 1668 misere
823 1601 952 1688 negligi
978 1623 999 1666 a
1025 1601 1190 1690 plerisque
1216 1626 1274 1670 eos
1294 1603 1452 1691 pbiloso-

323 1705 406 1792 pbos
426 1713 570 1788 veteres,
596 1727 733 1793 quorum
754 1705 874 1794 placita
901 1725 1114 1792 permagnam
1135 1706 1205 1772 vim
1228 1704 1376 1774 babeant
1397 1707 1451 1772 ad

324 1805 367 1871 bl.
383 1805 586 1872 Testamenti
605 1807 707 1874 libros
728 1807 960 1893 intelligendos
976 1815 1009 1872 et
1023 1807 1159 1874 Patmm
1176 1829 1308 1896 quoque
1323 1800 1449 1875 Eccle-

324 1910 393 1976 siae
410 1909 592 1982 doctrinam
612 1911 755 1996 penitius
776 1911 1030 1998 percipieudsuu.
1075 1910 1117 1976 In
1137 1910 1257 2000 qrribus
1278 1915 1447 1979 sermoni·

325 2012 392 2079 bus·
416 2033 491 2082 cum
522 2011 573 2078 illi
602 2033 729 2080 mecum
760 2013 885 2079 nullam
917 2013 1156 2102 philosophiam
1185 2015 1448 2083 fructuosiorem

324 2123 523 2202 cognossent
547 2135 621 2182 esse
644 2115 687 2181 ad
718 2115 896 2202 religiones
923 2139 1022 2204 quam
1044 2116 1264 2203 Platonicam,
1291 2119 1339 2184 ad
1367 2119 1447 2206 ejus

325 2239 387 2305 ego
408 2218 515 2285 fontes
536 2218 653 2306 pedem
675 2218 788 2303 retuli,
811 2218 909 2306 hujus
930 2220 1090 2304 rationes,
1116 2221 1256 2305 semina,
1281 2229 1447 2310 ortusque

325 2331 359 2388 et
379 2324 579 2388 incrementa
600 2321 778 2388 studiosius
800 2323 960 2408 indagare
981 2324 1084 2410 coepi.
1193 2378 1195 2381 .
1299 2375 1302 2382 .

355 2475 357 2480 -
410 2425 486 2492 Jam
506 2425 577 2490 viso
596 2423 769 2489 Leideusis
790 2446 878 2508 mea,
905 2423 983 2490 licet
1008 2424 1120 2492 brevis
1141 2426 1275 2514 quidem
1297 2426 1362 2492 illa
1381 2429 1445 2492 im·

325 2529 515 2620 peditaque,
542 2531 709 2592 caussaria
730 2529 936 2614 potissimum
955 2528 1162 2614 valetudine,
1188 2535 1299 2595 tamen
1321 2539 1357 2595 et
1383 2529 1445 2595 sli-

323 2633 413 2700 unde
433 2629 514 2708 mihi
531 2638 565 2696 et
582 2632 617 2695 in
637 2629 689 2694 bis
707 2632 789 2696 meis
810 2630 956 2696 consiliis
977 2631 1152 2717 insiguiter
1170 2631 1307 2719 profuit.
1351 2631 1442 2698 Nam

325 2757 389 2827 quo
413 2745 559 2823 tempore
585 2732 785 2821 Paredysius
813 2733 871 2799 ille
896 2733 988 2800 Tuus
1010 2755 1129 2822 corpus
1156 2734 1294 2800 curabat
1317 2757 1442 2818 meum,

323 2838 430 2906 'lbiid
450 2838 565 2924 egisti,
591 2843 692 2902 utne
718 2835 798 2923 quid
823 2837 944 2916 animo
960 2837 1100 2903 deesset
1145 2836 1294 2924 Cumque
1320 2859 1388 2923 ego
1407 2845 1443 2902 in

324 2943 389 3020 ista
415 2941 577 3008 brevitate
603 2938 749 3004 inclusus
777 2941 933 3025 gestirem
957 2948 991 3005 et
1013 2941 1108 3027 quasi
1134 2939 1261 3020 belusri
1283 2957 1441 3027 cuperem

324 3044 555 3131 Lugdunensis
571 3041 790 3108 bibliotheoae
804 3043 948 3131 opiparis
962 3041 1122 3108 librorum
1133 3043 1255 3128 copiis:
1272 3042 1326 3106 Tu
1340 3045 1441 3108 enixe

324 3169 458 3235 operam
485 3145 619 3230 dedisti,
654 3154 704 3230 ut,
734 3146 822 3232 quod
851 3154 1038 3232 superesset
1060 3143 1141 3240 mibi
1167 3145 1243 3210 istic
1268 3146 1440 3231 temporie,

324 3251 359 3316 id
380 3249 675 3319 tmuosissimum
703 3247 820 3313 abiret.
863 3246 949 3313 blam
972 3255 1007 3312 et
1028 3269 1047 3312 e
1070 3245 1278 3312 Bibliotheca
1300 3247 1455 3332 publica·

324 3351 568 3436 liberalissime,
598 3350 646 3416 Te
668 3350 825 3438 jubente,
858 3350 1062 3438 depromtum
1088 3348 1170 3414 mihi
1194 3357 1244 3414 est
1275 3348 1440 3437 quidquid

324 3453 481 3521 librorum
502 3457 572 3520 sive
594 3454 788 3540 scriptorum
811 3454 883 3519 sire
903 3454 1136 3540 impressorum
1156 3450 1384 3537 postulassem,
1407 3457 1439 3514 et

263 3579 265 3586 ’
323 3559 469 3641 priuatos
489 3557 624 3644 insuper
643 3555 771 3644 pluteos
795 3555 960 3621 reclusisti
980 3553 1061 3620 mihi
1081 3555 1289 3619 amicissime.
1428 3572 1431 3579 ·

326 3699 329 3706 =
409 3660 460 3726 Ac
481 3661 634 3747 quoniam
653 3659 796 3748 plurima
814 3667 1024 3745 superessent
1038 3678 1123 3744 quae
1137 3664 1292 3743 excerpta
1311 3655 1436 3722 voluis·

324 3780 414 3847 semp
438 3762 619 3847 Musarum,
646 3783 734 3827 nuno
759 3763 796 3826 in
820 3761 1000 3848 Gymnasio
1025 3759 1178 3826 Ulmensi
1199 3758 1436 3840 Professorem,

324 3867 399 3932 istic
425 3866 589 3930 retinuisti
615 3887 824 3952 perannum
850 3865 1031 3950 integrum,
1055 3885 1121 3952 quo
1142 3862 1306 3928 conferret
1327 3870 1437 3929 enou-

306 3975 457 4056 'tumque
478 3963 659 4054 praestaret
676 3967 757 4032 mihi
778 3964 918 4055 aliisque
938 3968 1131 4033 nostratium
1152 3963 1370 4053 quodcunque
1386 3985 1437 4028 ru·

323 4071 467 4138 tionibus
482 4072 603 4136 nostris
625 4071 790 4136 inservire
807 4070 985 4136 videretur.
1029 4067 1145 4150 Quid?
1166 4055 1228 4133 sub
1249 4068 1357 4154 ipsum
1372 4067 1437 4132 dis·

215 4231 223 4248 ,
290 4230 293 4234 .
324 4193 453 4240 cessum
469 4171 521 4243 Tu
541 4191 663 4256 meum,
687 4193 752 4262 quo
773 4181 919 4260 tempore
941 4171 1062 4241 lectulo
1077 4172 1215 4238 affixum
1234 4191 1288 4234 me
1312 4170 1436 4262 detine·

325 4275 383 4340 bat
404 4275 570 4364 epiphora,
590 4271 671 4340 tuno
692 4273 792 4360 igibus
810 4285 886 4340 ru‘re
903 4296 959 4341 nse
977 4277 1109 4362 saepius
1123 4273 1317 4356 convenisti,
1337 4281 1434 4359 atque

325 4401 344 4442 o
371 4379 445 4444 sinu
471 4379 640 4466 depromta
666 4385 793 4445 mecum
826 4379 1072 4444 communicasti
1099 4384 1254 4463 excerpta
1286 4375 1433 4440 codicum

238 4524 243 4535 x
323 4479 412 4546 baud
431 4481 591 4568 uulgaria.
636 4481 677 4548 In
703 4479 1064 4567 omniauteurgeuere
1090 4479 1274 4574 ciliciorum
1295 4497 1361 4564 quo
1382 4497 1431 4540 rue
