3167 5192
1203 445 1251 511 3,

138 624 311 710 impetmn,
332 627 368 685 et
384 620 491 707 ipsam
509 616 720 683 humanitatis
735 618 842 685 lucem
859 636 1081 683 conseruasse.
1116 615 1248 683 Etenim

139 726 262 789 Persae
282 742 390 809 noque
410 742 565 809 umquam
586 718 630 783 ad
650 740 726 785 cnm
744 720 870 805 ingenii
886 717 1008 785 cultum
1021 726 1248 805 pervenerant,

138 835 175 891 ut
196 847 272 891 cum
291 824 428 891 Graecis
448 830 583 909 possent
603 822 793 909 comparari,
815 828 847 887 et
859 829 937 885 tunc
951 841 1062 885 eorum
1076 818 1250 906 disciplina

139 926 313 1015 paullatim
341 945 498 1013 praeceps
526 946 622 1011 ruere
657 930 818 1010 coeperat.
873 918 1035 1003 Quocirca
1067 922 1249 1009 Aegyptus,

140 1050 225 1116 quae
244 1030 392 1117 ipsorum
413 1026 481 1091 vim
501 1034 651 1091 avertere
667 1046 733 1091 non
754 1026 923 1110 potuisset,
948 1023 1120 1089 obscurata
1135 1026 1249 1111 jacuit,

139 1130 248 1217 quoad
276 1152 298 1193 a
319 1128 456 1195 Graecis
476 1129 627 1193 restituta
648 1126 912 1214 Graecarumque
940 1126 1061 1193 lumine
1082 1125 1250 1193 literarum
1285 1198 1288 1203 ,

139 1253 253 1297 rursus
275 1230 441 1297 illustrata
460 1239 520 1295 est.

225 1333 368 1419 Jamque
389 1332 432 1397 ad
451 1331 534 1397 illud
558 1354 610 1395 me
630 1339 757 1419 tempus
779 1331 968 1418 pervenisse
985 1330 1097 1415 video,
1126 1352 1169 1395 ex
1187 1352 1250 1418 quo

140 1436 288 1502 Pericles
311 1456 381 1499 rem
401 1432 651 1501 Atheniensium
677 1432 843 1521 publicam
868 1455 927 1519 per
948 1432 1164 1521 quadraginta
1185 1456 1250 1501 am·

139 1538 226 1625 plius
247 1557 353 1601 annos
374 1533 625 1599 administravit.
653 1534 726 1600 Hoc
740 1536 883 1601 maxime
897 1536 1044 1623 principe
1060 1544 1093 1601 et
1107 1534 1251 1621 Cimone,

141 1639 198 1726 qui
215 1636 394 1702 Persarum
415 1638 526 1727 copias
548 1636 702 1723 fregerat,
724 1638 848 1703 factum
869 1645 928 1719 est,
951 1644 988 1701 ut
1003 1636 1252 1705 Atheniensium

140 1741 258 1805 ciritae
285 1739 404 1805 mirum
429 1740 465 1803 in
493 1736 624 1803 modum
649 1747 825 1823 cresceret,
856 1740 1038 1827 ceterisque
1063 1740 1198 1807 Graecis
1217 1743 1252 1807 in

141 1841 295 1907 omnibus
322 1840 421 1907 rebus
449 1841 546 1927 longe
573 1838 783 1931 antecelleret
807 1848 839 1907 et
860 1842 954 1929 quasi
969 1834 1124 1921 Ἑλλάδος
1136 1836 1252 1923 Ἑλλάς

141 1946 329 2011 exsisteret.
372 1943 469 2010 Unde
490 1943 591 2029 igitur
611 1943 647 2007 in
665 1944 759 2007 tanta
776 1964 896 2027 eorum,
920 1964 1002 2030 quae
1026 1966 1061 2011 se
1082 1946 1125 2011 ad
1143 1946 1252 2011 dicen-

141 2049 221 2114 dum
250 2046 407 2128 offerunt,
436 2045 533 2133 copia
557 2044 762 2132 potissimum
786 2044 921 2111 ordiar?
959 2042 1120 2113 Nimirum
1138 2048 1181 2115 ab
1203 2070 1252 2131 eo,
1380 2074 1383 2081 ·

141 2173 206 2238 quo
228 2151 340 2217 demto
359 2146 477 2215 horum
497 2154 760 2213 ornamentorum
778 2146 861 2212 nihil
880 2149 989 2235 parari
1003 2156 1139 2235 poterat.
1169 2150 1273 2215 Nam

141 2277 226 2338 cum,
245 2251 404 2342 suadente
426 2248 659 2332 Themistocle,
686 2249 859 2315 navalibus
882 2250 983 2336 copiis
1003 2249 1140 2317 salutem
1162 2274 1253 2319 suam

140 2358 262 2422 civitas
284 2354 488 2436 credidisset,
509 2374 621 2417 earum
642 2374 713 2441 ope,
734 2359 809 2439 post
825 2352 915 2423 illam
930 2352 1105 2421 Persarum
1127 2354 1253 2422 cladem
1331 2406 1333 2411 .

140 2446 315 2545 paullatim
336 2456 384 2521 ita
402 2456 547 2540 eminuit,
566 2463 604 2519 ut
624 2477 698 2522 cum
717 2457 791 2544 ipsa
805 2476 871 2521 non
885 2456 1022 2549 multum
1035 2457 1122 2525 ultra
1135 2458 1255 2545 viginti

141 2562 246 2629 millia
266 2562 485 2647 ingenuorum
504 2556 672 2625 hominum
691 2558 842 2644 haberet,
857 2568 973 2647 postea
991 2570 1101 2627 tamen
1114 2560 1254 2649 permul-

140 2675 192 2733 us
207 2662 392 2731 insulas-et
410 2658 500 2727 mille
517 2660 646 2748 oppida,
667 2661 766 2749 longo
788 2664 935 2747 circuitu,
959 2664 1071 2730 inde-a
1087 2664 1196 2751 Cypro
1211 2664 1255 2731 ad
1280 2716 1295 2753 ,λ
1385 2652 1389 2659 ’

141 2769 328 2857 Bosporum
355 2762 546 2845 Thracium,
577 2762 655 2829 hinc
683 2773 792 2830 autem
815 2788 927 2831 rursus
954 2768 1088 2833 reducto
1115 2766 1193 2832 orbe
1211 2767 1255 2833 ad
1377 2753 1385 2763 ⁸

141 2871 315 2937 Euboeam
332 2887 436 2957 usque
458 2868 624 2933 societatis
646 2870 890 2935 necessitudine
912 2869 977 2935 sibi
997 2870 1150 2944 devincta
1165 2878 1254 2935 tene-

139 2983 201 3039 ret.
246 2972 289 3036 In
317 2970 436 3059 quibus
465 2969 585 3035 multas
605 2970 709 3037 fuisse
726 2972 909 3050 Atticorum
931 2972 1076 3038 colonias
1100 2978 1132 3035 et
1157 2987 1255 3057 supra

141 3075 343 3157 monuimus,
371 3081 403 3138 et
430 3092 594 3159 exponere
622 3072 757 3159 longum
781 3086 841 3141 est.
888 3076 1034 3165 Cumque
1056 3082 1153 3139 antea
1172 3073 1255 3139 fodi·

140 3200 259 3245 narum
281 3176 411 3261 argenti
439 3175 565 3241 reditus
591 3198 609 3240 e
628 3176 751 3242 Laurio
774 3188 884 3245 monte
910 3180 945 3243 in
974 3178 1141 3267 publicum
1160 3198 1255 3241 usum

94 3331 95 3336 η
141 3278 381 3348 accommodati
408 3287 532 3362 essent,
559 3278 783 3367 Aristidisque
809 3282 991 3369 integritati
1017 3301 1255 3349 communcrso·

141 3386 269 3451 ciorum
296 3382 459 3447 aerarium
489 3381 697 3447 commissum
721 3382 854 3471 fuisset,
881 3386 943 3453 hoo
965 3387 1037 3474 jam
1062 3382 1255 3449 translatum

140 3487 308 3568 Athenas,
336 3506 357 3547 a
377 3484 506 3549 Pericle
533 3484 576 3549 ad
596 3484 859 3571 amplificandam
884 3490 999 3555 urbem
1020 3486 1256 3555 exornandam-

141 3612 205 3676 que
228 3608 426 3653 conversum
447 3598 507 3653 est.
543 3588 702 3653 Privatim
724 3599 834 3659 autem
855 3614 962 3681 neque
983 3593 1018 3656 in
1040 3592 1130 3656 victu
1149 3610 1256 3678 neque

140 3694 176 3757 in
197 3689 529 3779 vestitureliquoque
550 3692 641 3757 vitae
662 3694 751 3760 cultu
773 3696 922 3784 quaesita
940 3692 1182 3781 magnificentia
1195 3701 1255 3776 est,

133 3796 201 3871 sed
228 3795 266 3859 in
287 3790 457 3881 publicum
482 3797 706 3862 tantummodo
736 3798 835 3863 decus
862 3805 895 3863 et
918 3797 1043 3885 patriae
1068 3802 1100 3859 et
1122 3793 1256 3859 deorum
1290 3816 1293 3821 ·

141 3897 288 3963 maxime
314 3898 505 3983 patriorum.
548 3896 664 3986 Neque
692 3921 831 3987 usquam
851 3900 1050 3989 pauperibus
1074 3898 1257 3987 expeditior

141 4003 212 4067 vita
233 3998 307 4083 ruit,
330 4019 427 4087 quam
447 4000 482 4063 in
497 3998 560 4064 hac
579 4002 671 4087 urbe,
692 4003 728 4067 in
749 4026 855 4090 quam,
875 4002 1046 4067 florentem
1062 4000 1255 4075 mercaturi,

142 4129 185 4171 ex
206 4102 359 4171 omuibus
379 4110 542 4168 terrarum
563 4103 650 4171 orbis
671 4105 820 4194 partibus
843 4106 952 4170 omnia
975 4105 1178 4190 continenter
1197 4101 1255 4165 im-

142 4213 361 4296 portarentur.
403 4204 479 4271 Non
507 4208 609 4293 igitur
636 4209 755 4293 defuit,
783 4208 942 4297 quidquid
961 4208 1131 4289 materiae,
1160 4203 1256 4287 aeris,

145 4311 269 4395 eboris,
298 4310 535 4398 marmorisque
561 4310 604 4375 ad
630 4311 764 4403 publica
791 4319 982 4381 ornamenta
1004 4308 1256 4379 desideraretur,

143 4415 213 4483 Noc
234 4412 379 4482 artifices
402 4410 547 4479 deluere.
