3167 5192
1110 587 1112 599 ,
1190 484 1252 583 tir

200 681 239 737 P.
256 680 319 737 101.
353 681 494 749 Postqua-
515 680 660 737 masna
684 697 762 738 roem
784 682 848 751 aiu]
867 684 1000 751 synesius
1023 686 1113 753 Epist.
1132 680 1248 747 neerei

130 759 161 817 δὲ
178 758 304 833 Ἀθῆναι
320 760 409 821 πάλαι
426 761 479 835 μὲν
495 760 580 831 πόλις
595 760 674 823 ἱστία
697 768 811 837 σοφὼ,
833 762 867 823 τὸ
885 764 917 821 ei
934 768 989 823 riv
1008 765 1073 838 ἔχον
1093 765 1248 839 00000000-

131 868 176 904 οικ
196 845 341 913 001τᾶ001
360 854 563 924 μλιπουρκρί.
600 859 645 911 cf.
664 860 806 925 Wyttenb.
831 859 866 911 ad
883 858 1024 913 Plutarch.
1047 877 1074 925 p.
1095 858 1163 913 1082
1169 880 1177 930 5
1200 864 1248 929 qui

130 942 218 994 alium
240 943 354 1009 insuper
372 943 483 1010 Syneeii
504 944 594 999 looum
616 945 734 997 inhano
750 962 808 997 rem
825 946 966 1003 excitavit.
1002 946 1189 1012 Aeneidem,
1212 964 1248 1001 ne

131 1034 198 1079 tuno
217 1028 332 1095 quidem
351 1029 414 1099 (hoe
432 1039 474 1087 est
496 1033 607 1087 0000010
629 1034 662 1086 V.
680 1039 744 1099 post
761 1034 811 1087 eh.
827 1050 854 1087 u.
877 1040 995 1087 exeunte
1012 1038 1039 1087 et
1056 1034 1168 1089 ineunte
1185 1034 1246 1103 VI.)
1304 1018 1309 1031 ⁸

130 1132 245 1181 prorsus
265 1122 392 1170 vastatas
416 1121 596 1188 squaloreque
617 1120 722 1173 obsitas
743 1120 867 1185 juonisse
889 1122 1026 1187 Athenae,
1052 1121 1100 1176 sed
1118 1123 1247 1178 honestae

130 1203 223 1255 adhuc
241 1204 364 1259 familior
380 1207 497 1261 Athenis
513 1208 638 1261 floruisse
653 1208 805 1273 pabiioaqroe
823 1210 993 1262 decennem
1008 1210 1110 1261 studio:
1129 1210 1165 1262 ot.
1184 1210 1248 1261 Cor-

131 1292 209 1343 sinus
227 1292 257 1342 in
277 1294 355 1346 Post.
374 1295 435 1347 Au.
458 1296 507 1348 lv.
527 1296 589 1348 202.
616 1294 652 1347 ad
676 1294 720 1347 01.
740 1295 882 1349 cccxvl.
920 1295 1052 1362 Origenes
1075 1296 1247 1348 000110001-

131 1393 190 1427 sum
209 1379 245 1430 1..
264 1378 319 1431 111.
338 1396 400 1448 eap.
418 1383 461 1437 30.
479 1382 543 1436 Vol.
560 1384 585 1435 Ι.
603 1398 632 1448 p.
649 1381 702 1435 tet
714 1381 747 1434 0.
767 1382 810 1435 ed.
830 1383 932 1436 Ruaeir
955 1372 1106 1447 Ἐκκλησία
1123 1373 1175 1448 μὲν
1192 1372 1246 1447 γὰρ

132 1462 183 1515 see
201 1462 294 1532 0000,
319 1457 387 1532 φέρ’
405 1462 513 1535 alneis,
535 1459 720 1535 ηἈθήκησι,
741 1459 849 1533 πραεῖά
867 1484 924 1534 τις,
947 1464 996 1521 καὶ
1015 1459 1175 1534 001000οή0,
1198 1458 1260 1519 eise·

133 1549 196 1621 θεῷ
214 1542 348 1619 ἀρέσκειν
369 1552 410 1623 τῷ
428 1548 476 1607 isi
494 1553 564 1610 noire
582 1549 755 1623 βουλομένη,
771 1546 789 1621 ἡ
810 1547 842 1605 ui
855 1545 1014 1621 Ἀθηναίων
1032 1544 1166 1621 ἐκκλησία
1184 1568 1247 1607 στα-

133 1630 251 1705 oedipo,
270 1635 320 1689 001
337 1632 471 1708 edeam
488 1635 724 1711 προβαλλομένη
743 1638 779 1709 τῇ
797 1635 859 1693 ἐκεῖ
872 1632 1006 1711 ἐκκλησίᾳ
1021 1639 1075 1696 rori
1090 1638 1172 1706 θεοῦ,
1189 1643 1208 1695 1.
1222 1660 1245 1695 0.

133 1727 253 1779 Ecclesia
275 1728 348 1779 enim
371 1730 480 1795 quidem
504 1732 571 1794 Dei,
596 1746 648 1797 ape
670 1731 806 1794 01001000,
832 1730 946 1783 Athenis
966 1729 1042 1779 mitis
1065 1729 1198 1795 quaedam
1219 1736 1247 1783 et

132 1814 202 1866 bene
220 1816 392 1880 consutum,
409 1818 510 1885 qnippe
526 1820 587 1871 Deo
604 1818 728 1883 plaeere,
748 1818 795 1883 qui
813 1820 952 1882 estsuper
969 1817 1069 1881 omniu,
1088 1815 1197 1880 volens3
1217 1822 1247 1869 et

133 1916 197 1952 vero
215 1902 427 1957 Atheniensium
444 1907 531 1957 000010
546 1904 680 1960 seditiosa
695 1910 724 1957 et
741 1913 915 1971 nequaquem
924 1904 1106 1971 comparanda
1115 1906 1247 1957 eeclesiae

133 1990 199 2053 Dei,
221 2000 298 2055 quae
319 1990 377 2043 illio
395 1996 450 2044 ast.
485 1992 656 2046 Labeuubus
679 1992 796 2045 saeonlis
814 1992 882 2043 haee
905 1990 1018 2044 subinde
1040 1992 1071 2041 in
1088 1991 1167 2058 pejus
1190 2008 1247 2045 mu·
1271 2014 1274 2025 =

134 2080 194 2127 tata
207 2092 271 2129 esse
288 2092 368 2129 nemo
385 2076 541 2142 mirabitur,
565 2079 613 2145 qni
636 2079 745 2145 quidem
766 2078 944 2129 humanarum
966 2092 1057 2131 rerum
1078 2079 1247 2131 vicissitudi-

133 2178 179 2213 nes
197 2164 285 2217 norit.
319 2164 380 2229 sis,
398 2170 429 2215 ut
445 2164 499 2220 boo
514 2170 592 2229 utar,
608 2166 645 2219 00
657 2180 775 2217 summos
793 2166 824 2217 in
843 2164 959 2219 eoeleste
972 2164 1077 2217 Graeci
1091 2165 1248 2221 christiane

132 2248 251 2303 honores
268 2250 385 2303 subinde
400 2256 553 2317 prunetum
570 2253 694 2306 videmus
710 2254 861 2314 hominem,
886 2240 940 2315 τὴν
956 2239 1008 2313 μὲν
1025 2242 1161 2317 &riquier
1180 2266 1246 2303 uas-

134 2332 214 2387 δείαν
234 2325 270 2387 ori
289 2329 368 2389 uiso
385 2327 579 2407 ἧκρκβωκότα,
597 2347 670 2395 teste
684 2343 775 2393 Leone
793 2338 917 2391 Dieoono
934 2336 983 2387 VI.
999 2335 1025 2389 0.
1045 2355 1073 2405 p.
1092 2338 1126 2391 02
1141 2355 1183 2405 eq.
1202 2340 1244 2403 D;

135 2424 168 2475 00
186 2440 270 2491 quern
287 2424 378 2477 loeum
395 2424 569 2479 doetissimus
586 2429 695 2485 Husens
713 2444 741 2493 p.
760 2428 822 2479 227.
841 2426 894 2476 ita:
922 2424 1149 2489 „Dissuadebant
1166 2425 1245 2479 multi

134 2513 161 2563 in
179 2512 312 2575 Grauia,
331 2517 390 2565 tum
406 2514 481 2565 omni
495 2514 584 2567 medio
601 2530 679 2579 aevo,
699 2519 757 2567 tum
774 2514 890 2565 muxime
909 2512 961 2564 hoe
980 2509 1105 2579 (decimo)
1125 2513 1244 2578 saeculo,

134 2600 264 2663 profanae
288 2598 396 2650 literas:
420 2599 493 2666 quod
515 2602 562 2667 qui
588 2602 623 2653 iia
646 2618 663 2652 a
684 2605 779 2653 tenero
799 2600 898 2653 imbuti
919 2603 1023 2662 essent,
1049 2599 1085 2654 00
1100 2602 1245 2653 veritatem
1297 2588 1298 2593 ¹

134 2685 196 2738 0001
213 2686 354 2739 eaaoiores
372 2688 567 2753 putarentur.“
603 2686 734 2753 Suhjieit'
747 2688 838 2741 looum
855 2687 884 2741 0.
903 2686 1060 2753 Nieephori.
1079 2714 1115 2725 -
1132 2687 1175 2739 Ab
1189 2688 1245 2739 istt

133 2775 316 2839 perversitate
332 2779 360 2827 et
378 2774 523 2830 abhorrere
539 2773 619 2828 bodie
637 2775 800 2827 eruditiores
816 2776 980 2829 Graecorum
998 2778 1027 2825 et
1045 2772 1175 2827 deterreri
1193 2774 1246 2826 fre-

134 2862 230 2926 quenti
251 2860 364 2913 bortatu
386 2863 590 2929 prudentiorum
613 2863 727 2927 uirium,
751 2878 830 2916 nemo
852 2866 894 2915 eet
912 2860 1003 2929 paullo
1020 2859 1163 2911 humanior
1179 2862 1245 2929 quin

133 2948 252 3000 libenter
267 2948 402 3002 10000101.
438 2950 565 3008 Ceterum
588 2948 625 3002 ei.
645 2948 821 3001 ermiitissimi
839 2949 937 3001 000001
954 2944 1050 2999 Adam.
1071 2946 1170 3012 Corayi
1188 2946 1244 2999 Mt-

133 3037 220 3089 noire
238 3051 286 3087 sur
301 3034 382 3089 lutat
394 3036 484 3093 aetnel
501 3036 535 3089 00
552 3037 581 3089 10
597 3038 764 3092 oivilisution
780 3054 814 3091 en
834 3034 920 3089 Grtee
937 3034 1016 3087 Paria
1034 3032 1111 3085 1803.
1131 3036 1159 3087 et
1174 3050 1244 3103 quur

133 3139 221 3190 nuper
250 3124 395 3175 admodum
422 3124 544 3191 graviter
570 3125 623 3179 hoo
645 3126 679 3177 00
707 3127 867 3193 &puniente
891 3119 1045 3187 disputan&
1070 3120 1245 3175 dootiasimus

133 3210 306 3263 Broendsted
320 3213 351 3263 in
365 3212 466 3264 1101000
482 3212 539 3265 und
555 3213 800 3281 Uutersuohnngeu
815 3212 845 3262 iu
863 3208 1062 3263 Grieehenlsnd
1080 3208 1103 3260 1.
1122 3224 1149 3275 p.
1164 3210 1245 3261 XVII

186 3338 194 3351 .
215 3302 286 3364 etp.
302 3298 345 3351 70.
798 3352 802 3360 ,

134 3315 184 3367 “lq
203 3406 237 3457 Ρ.
258 3404 317 3456 101.
353 3404 529 3456 Ciceronis-
547 3406 573 3454 in
592 3403 712 3455 Oratim
722 3418 774 3467 pro
790 3396 893 3465 Flacco]
912 3396 979 3463 Gap.
993 3397 1093 3451 XXVI.
1112 3398 1148 3451 ei.
1168 3400 1244 3451 Wes-

135 3492 233 3558 seling.
253 3490 289 3542 00
306 3490 421 3543 Diodor.
433 3490 513 3545 1111.
522 3492 565 3547 27.
583 3508 610 3559 p.
624 3490 684 3543 002.
704 3493 732 3543 01
747 3488 829 3555 Biugi
847 3486 881 3539 00
896 3484 1022 3538 Decretis
1039 3486 1244 3540 Atheniensium

134 3597 196 3648 cap.
216 3573 277 3631 XX.
298 3582 323 3642 ξ.
342 3577 369 3630 0.
392 3594 420 3644 p.
438 3580 499 3631 207.

204 3685 237 3737 Ρ.
256 3684 317 3736 101.
354 3680 516 3751 [10000000]
533 3683 698 3734 Humanitas
713 3682 741 3735 h.
754 3680 774 3733 1.
795 3678 829 3731 01)
845 3693 879 3728 00
897 3690 967 3743 quae
983 3678 1132 3742 sequuntur
1152 3673 1245 3743 (oppo-

134 3774 211 3824 nitur
229 3769 496 3837 enimrimmanitati)
514 3774 556 3821 est
570 3770 619 3821 illa
636 3772 718 3823 enimi
737 3780 894 3832 morumque
909 3762 1089 3815 conformatio
1107 3765 1244 3829 universa,

135 3875 191 3927 quu
203 3856 285 3909 homo
302 3859 381 3924 quasi
399 3861 479 3924 mapia
494 3856 563 3907 tono
580 3859 701 3923 exsistit,
722 3860 855 3921 notatque
873 3867 932 3902 eam
949 3852 1184 3905 mansuetudinem
1201 3868 1246 3903 ur·

135 3946 350 4011 benitatemqne,
369 3960 440 4011 quse
455 3943 588 4008 00010100,
604 3944 712 4011 legibus
731 3947 784 3994 eto.
805 3938 931 3991 efficitur.
967 3938 1037 3990 Aliis
1054 3940 1083 3989 in
1102 3938 1180 4005 loeis,
1198 3937 1246 3989 ubi
1330 4010 1331 4015 Ἰ

136 4039 228 4087 literae
243 4032 396 4101 junguntur
413 4032 474 4084 vooi
492 4031 664 4095 1000000110,
688 4030 756 4081 haee
777 4030 840 4095 ipsa
857 4024 943 4077 solum
962 4026 1127 4077 urbussitatem
1144 4024 1246 4091 signifi·
1308 4054 1312 4061 ·

137 4128 197 4188 eat,
223 4122 268 4175 vei
286 4124 409 4185 leporem
434 4123 465 4170 ut
482 4118 588 4171 Verrin.
614 4118 661 4169 Or.
678 4116 732 4168 111.
751 4118 777 4166 4.
813 4112 898 4165 Plura
919 4112 996 4164 dabit
1017 4114 1148 4164 Erneetus
1166 4110 1245 4165 Clau.

137 4212 194 4263 010.
214 4226 237 4261 a.
256 4207 412 4261 humanitas
428 4203 475 4256 tin.
495 4204 531 4256 of.
550 4206 642 4271 Nepos
664 4204 692 4255 iu
709 4202 802 4255 Attico
821 4216 844 4251 0.
863 4199 880 4252 3
899 4193 962 4266 iius,
994 4200 1041 4250 ubi
1063 4200 1128 4250 item
1150 4198 1243 4281 hnma-

137 4298 218 4350 nituti
236 4295 381 4361 subjicitur
399 4292 533 4345 (lontrina.
559 4351 563 4358 ,

205 4370 239 4437 1³⁰.
258 4384 318 4437 101.
354 4380 427 4432 luter
448 4380 509 4431 deos
526 4375 662 4444 wtamen]
684 4376 705 4430 1.
730 4394 753 4428 e.
771 4376 844 4426 inter
860 4373 1016 4441 Neptunum
1034 4376 1062 4423 et
1083 4370 1243 4437 Minervam,

141 4474 173 4526 00
189 4488 241 4539 quo
257 4470 315 4523 vid.
332 4467 459 4537 Apollod.
476 4466 530 4522 111.
548 4482 576 4536 p.
593 4465 651 4520 101.
672 4464 761 4521 Noun.
778 4464 895 4529 Dionys.
912 4460 1053 4521 XXXVII.
1062 4458 1114 4512 320
1125 4474 1165 4528 sq.
1181 4458 1243 4526 345,
