3167 5192
473 459 477 463 .
594 433 606 469 Ι
627 481 629 486 Ι

144 643 335 729 genuinum
357 652 455 708 esset.
497 643 624 709 Horum
644 643 803 709 librorum
822 646 1022 711 edendorum
1042 646 1124 713 haee
1144 668 1273 735 quoque

143 742 237 809 forte
265 766 386 811 caussa
411 746 554 829 exstitit,
582 745 670 833 quod
694 749 848 812 Soranus
874 753 1069 827 Goaiayensis
1093 754 1273 817 Theodircoc

143 846 291 933 ejusque
313 869 399 935 quae
420 852 607 927 Reyiomonti
625 855 690 929 est,
712 847 774 911 sub
795 848 1031 937 idemtempus
1053 853 1161 917 socius
1185 862 1272 918 esset

141 948 269 1013 faetus.
300 996 306 1005 .

235 1050 331 1134 Jam,
358 1052 416 1138 qui
443 1051 515 1115 viro
541 1051 577 1115 in
602 1051 744 1139 publicis
771 1052 880 1119 adhuc
905 1054 1045 1139 negotiis
1074 1066 1203 1122 versato
1227 1060 1271 1125 ad

144 1152 284 1219 laudem
308 1152 426 1218 deesse
445 1152 552 1216 videri
573 1163 700 1239 poterat
721 1154 813 1222 loeus
838 1153 990 1241 publicus
1012 1156 1067 1221 ille
1090 1158 1196 1223 eidem
1215 1159 1269 1225 ob-

86 1285 87 1288 *
141 1256 222 1340 tigit
246 1276 338 1320 anno
364 1268 576 1321 mareotim.
599 1274 673 1317 cum
694 1254 729 1317 in
745 1256 946 1321 Academiae
964 1257 1155 1346 Equestris,
1186 1284 1269 1349 qaae

141 1361 326 1437 Leaebmoi
354 1356 465 1439 floret,
498 1356 669 1421 doctorum
695 1356 845 1423 ordinem
876 1367 1092 1446 coaptaretur.
1137 1362 1269 1431 Erudiit

142 1460 194 1525 ibi
216 1459 344 1524 Noster
370 1456 515 1523 nobilem
539 1458 747 1544 juventutem
772 1459 905 1546 publico
933 1463 1057 1548 pariter
1078 1486 1118 1529 ac
1139 1465 1267 1552 privato

143 1564 277 1645 studi03
305 1560 366 1626 illo
392 1559 524 1649 quidem
544 1560 579 1623 in
599 1559 751 1643 historia,
775 1561 857 1626 Jure
877 1560 1010 1650 publico
1032 1565 1166 1653 Imperii
1187 1567 1268 1633 Ger-

145 1666 272 1731 manici
301 1674 335 1729 et
359 1663 578 1729 celebriorum
600 1662 754 1749 Europae
774 1666 937 1750 gentium,
964 1665 1068 1731 literis
1091 1670 1267 1756 elegantio—
1342 1726 1344 1732 .

144 1768 257 1852 ribus,
287 1765 500 1853 Geographia
526 1767 683 1854 denique3
715 1768 854 1853 privatis
882 1767 1078 1833 lectionibus
1103 1770 1203 1837 latine
1229 1796 1269 1838 ac

145 1870 341 1957 germanice
361 1868 447 1933 bene
467 1868 633 1934 scribendi
650 1878 843 1955 praecepta,
864 1868 1020 1955 Logicarn
1044 1880 1076 1935 et
1097 1872 1267 1961 Metaphy-

145 1976 254 2039 sicam
275 1971 424 2037 tradidit.
514 1997 519 2005 ·

234 2074 364 2140 Eodem
385 2093 480 2157 anno,
501 2094 565 2161 quo
586 2071 669 2147 illud
688 2092 807 2137 munus
829 2082 944 2138 nactus
967 2073 1084 2158 fuerat,
1103 2077 1291 2155 matrinia,

143 2184 203 2246 nio
238 2178 303 2243 sibi
330 2177 452 2263 junxit·
477 2181 643 2241 Modestum
675 2180 876 2240 Ohratnoaam
904 2176 1057 2242 Jotaals
1077 2178 1266 2243 Famamcr

142 2286 324 2362 LUDEasn
346 2277 569 2342 Ecclesiamm
590 2276 929 2363 Boizenburgensium
946 2278 1129 2365 Praepositi
1154 2279 1266 2365 filiam,

144 2384 214 2474 quo
236 2380 393 2467 conjugio
412 2378 496 2443 nihil
517 2378 582 2443 sibi
604 2380 788 2466 exoptatius
809 2383 999 2465 contingere
1013 2382 1170 2467 potuisse,
1192 2404 1266 2447 cum

142 2492 219 2577 ipse
246 2486 421 2565 fateretur,
451 2490 572 2547 nortmt
600 2503 713 2557 omnes
740 2483 796 2570 qui
822 2504 860 2549 eo
883 2481 1080 2547 familiarius
1107 2484 1159 2547 usi
1180 2494 1266 2569 sunt,

143 2594 323 2679 ipsumque
340 2591 464 2671 postea
477 2584 648 2649 viduatum
668 2584 898 2672 dolentemque
920 2594 1171 2671 conspexerunt.
1205 2586 1267 2652 Oa-

144 2695 215 2760 ruit
236 2698 348 2756 tamen
368 2686 461 2773 prole
479 2686 542 2751 hoc
564 2687 764 2773 conjugium.

235 2791 334 2858 Anno
356 2787 477 2853 deinde
495 2804 714 2853 morosam.
730 2788 765 2851 in
784 2786 946 2856 sodalium
957 2786 1196 2855 Oeconomicus
1208 2787 1264 2875 So-

144 2894 277 2964 cietatis
300 2897 443 2958 Callenses
463 2912 634 2955 numerum
655 2891 793 2974 relatus,
818 2912 937 2955 nomeu
960 2890 1058 2956 solvit
1078 2892 1265 2977 germanice

144 2996 310 3065 vertendo
336 2993 530 3060 Columella.
582 2993 655 3074 Quo
686 2991 825 3056 consilio
859 2993 1066 3080 antiquarum
1099 2991 1265 3071 literarum

143 3100 291 3167 studium
320 3118 395 3163 eum
421 3117 507 3162 novo
534 3096 645 3163 officio
671 3093 862 3159 felicissime
887 3096 1069 3182 conjunxit.
1114 3096 1159 3161 Et
1185 3118 1265 3161 vero

144 3206 193 3269 ita
212 3200 376 3267 tractabat
397 3220 453 3264 eas
476 3198 597 3282 literas,
619 3219 686 3263 non
706 3205 758 3280 ut,
778 3196 866 3284 quod
888 3196 975 3261 haud
995 3200 1109 3284 paucis
1132 3197 1263 3299 sufficit,

141 3309 179 3371 in
207 3302 385 3369 verborum
410 3301 634 3367 notationibus
660 3301 898 3387 acquiesceret,
929 3298 988 3364 sed
1008 3310 1044 3365 ut
1065 3322 1117 3365 res
1136 3322 1264 3389 quoque
1374 3378 1382 3395 „

144 3406 320 3496 expeditas
343 3405 437 3470 daret
457 3404 710 3491 illustratasque.
743 3402 808 3485 Sic,
831 3411 868 3466 ut
881 3401 943 3466 hoc
956 3411 1038 3486 utar,
1061 3404 1168 3489 ipsum
1182 3402 1264 3469 mihi

146 3506 312 3597 eJ‘usmodi
337 3506 418 3593 quid
444 3528 580 3571 narrare
605 3505 739 3569 memini
757 3523 831 3568 cum
850 3503 988 3587 diceret,
1021 3504 1084 3571 sibi
1105 3506 1140 3569 iu
1162 3504 1264 3592 expli-

145 3610 253 3678 cando
283 3606 485 3675 Columellas
511 3608 584 3673 loeo
609 3606 759 3694 aliquo*)
787 3607 905 3671 mirum
932 3608 1041 3673 visum
1060 3628 1147 3691 esse,
1176 3608 1264 3695 quod

143 3714 192 3780 ibi
209 3710 372 3795 traditur,
400 3712 471 3776 vini
491 3712 527 3775 iu
547 3710 715 3797 superiore
736 3708 867 3773 aedium
888 3717 981 3795 parte
1004 3709 1166 3775 condendi
1187 3701 1264 3775 arti·

146 3816 267 3897 ficium,
290 3812 401 3901 itaque
420 3818 484 3900 quo
507 3812 576 3877 suis
596 3812 667 3899 ipse
689 3810 803 3893 oculis,
826 3810 987 3897 quidhoc
1009 3814 1058 3877 rei
1073 3820 1168 3895 esset,
1191 3833 1263 3898 per-

147 3920 304 4006 spiceret,
340 3916 490 3981 cedomi
517 3936 595 3980 suae
623 3912 771 3999 ejusdem
791 3912 972 3999 periculum
993 3914 1128 3997 fecisse,
1157 3934 1263 4000 neque

145 4030 258 4086 tamen
280 4020 482 4084 successisse
505 4016 584 4101 sibi3
606 4016 641 4080 in
662 4034 728 4103 quo
744 4014 920 4079 accusabat
934 4017 1018 4082 coeli
1031 4016 1135 4090 nostri
1149 4016 1262 4080 intem·

146 4125 283 4211 periem.

229 4224 343 4311 Atque
364 4244 439 4289 oum
459 4222 692 4307 Luneburgica
714 4220 858 4288 conditio
880 4222 926 4285 ita
947 4220 1099 4309 placeret,
1122 4226 1158 4284 ut
1177 4218 1260 4286 nihll

147 4367 361 4385 ...μα-...ικαὶ

214 4431 397 4502 paca,
524 4461 527 4474 ·
