3167 5192
977 474 1281 588 *¹²33

167 681 250 724 cnm
271 657 440 745 voluptate
457 663 490 722 ot
507 655 698 722 assiduitate
719 653 872 740 legerem.
916 653 1008 719 Inter
1021 654 1202 720 Germanos
1222 655 1286 720 fuit
1304 685 1320 708 ο
1362 672 1364 678 ·

166 762 200 826 N
213 762 361 828 sebius
383 761 439 847 qui
460 759 491 824 ci
511 764 754 826 monumentum
766 765 917 849 poneret:
939 758 1025 822 inter
1042 756 1163 842 Belgas
1179 757 1285 824 adhuc

166 887 282 930 nemo.
327 863 457 951 Itaque,
483 859 687 928 hortantibus
712 860 841 942 amicis,
869 881 1000 923 manum
1027 859 1283 946 operiadmovi,

168 976 207 1032 et
236 953 374 1053 Belgioo
400 987 547 1032 sermone
574 966 665 1052 (nam
692 961 830 1028 Latinus
854 960 1078 1048 philosophiae
1112 963 1285 1027 recentiori

156 1056 285 1136 'minus
305 1077 356 1136 est
372 1066 649 1152 accommodatus)
666 1085 750 1152 quae
766 1065 839 1149 ejus
851 1063 973 1127 fuerint
994 1063 1029 1126 in
1047 1061 1285 1150 philosophiam

168 1174 310 1256 merita,
331 1171 454 1256 insigni
473 1169 573 1234 animi
595 1167 825 1250 delectatione,
846 1165 973 1250 exejus
995 1166 1125 1254 scriptis
1145 1169 1285 1256 probare

171 1273 300 1338 studui.
346 1272 401 1338 Sic
433 1271 566 1355 accidit,
604 1278 641 1334 ut
671 1269 919 1334 intermitterem
953 1269 1096 1334 studium
1128 1271 1285 1358 Platonis,

171 1383 267 1440 certe
297 1374 415 1440 edendi
440 1373 545 1438 libelli
572 1371 742 1437 Platonici.
794 1367 935 1453 Quodsi,
961 1371 1014 1435 vir
1045 1371 1286 1458 humanissime,

172 1476 328 1543 nonnihil
354 1477 433 1542 mihi
458 1475 499 1541 de
526 1476 588 1541 hoc
614 1472 748 1538 Socrate
773 1472 901 1536 Batavo
931 1477 1170 1541 communicare
1193 1477 1297 1561 velis,

172 1579 297 1645 feceris
322 1579 402 1644 mihi
430 1579 662 1664 gratissimum.
714 1575 807 1657 Quae
834 1575 1050 1662 prodiderunt
1079 1578 1120 1644 de
1143 1603 1181 1645 eo
1203 1579 1288 1646 Goe-

175 1681 285 1764 thius,
308 1681 468 1766 Garvius,
492 1680 666 1746 decobius
665 1689 702 1744 et
727 1699 834 1766 nuper
854 1677 1068 1766 Niemeyerus
1089 1681 1203 1748 sedulo
1223 1683 1286 1748 col-

174 1782 263 1874 legi.
292 1785 350 1850 sed
374 1784 459 1849 forte
487 1782 553 1847 alia
581 1789 727 1865 exstant,
755 1788 887 1845 exstant
917 1779 1001 1845 forte
1030 1785 1187 1872 epistolae
1215 1787 1287 1873 ejus

177 1885 224 1950 ad
245 1884 419 1950 Jacobium
441 1887 584 2004 (praeter
604 1884 757 1971 editam),
783 1883 827 1947 ad
848 1881 1024 1948 Goethium
1048 1880 1144 1951 datae
1160 1887 1224 1953 vel
1246 1889 1289 1956 ad

177 1988 274 2054 ahos.
304 1988 366 2052 Vel
385 1989 538 2052 minimae
560 1986 708 2051 literulae
731 1987 837 2050 instar
855 1983 936 2048 mihi
958 1995 1053 2052 erunt
1073 1990 1287 2055 maximarum
1316 2034 1337 2074 .·

179 2100 214 2156 et
235 2091 514 2176 gravissimarum.

267 2193 365 2276 Vale,
395 2194 571 2258 amicorum
599 2188 827 2272 dilectissime,
861 2208 997 2253 uxorem
1026 2188 1130 2254 'liram
1158 2200 1191 2256 et
1216 2174 1290 2259 meo

180 2305 215 2362 et
245 2297 357 2360 uxoris
388 2315 481 2358 meae
514 2292 645 2358 nomine
675 2292 773 2356 etiam
805 2298 903 2376 atque
934 2292 1032 2356 etiam
1060 2291 1189 2358 salrrta.¹
1219 2294 1289 2361 Scr.

181 2397 274 2484 Traj.
297 2398 339 2462 sd
360 2397 423 2462 Rh.
447 2397 479 2461 d.
500 2398 552 2460 20.
573 2417 616 2459 m.
638 2394 719 2480 Apr.
739 2414 768 2456 a.
797 2393 888 2458 1826.

386 2584 420 2671 8)
447 2598 618 2648 casuram
640 2597 812 2646 uersuum
835 2598 884 2646 io
902 2598 1094 2649 rmusmun.

267 2705 348 2771 Viro
377 2703 576 2768 amicissimo
600 2700 661 2766 Ph.
686 2701 775 2766 Guil.
804 2724 876 2768 van,
895 2701 1031 2768 Heusde
1050 2702 1084 2768 S.
1106 2703 1151 2769 D.
1173 2705 1212 2769 P.
1234 2706 1291 2771 Fr.

312 2805 465 2872 Creuzer.

258 2907 473 2973 'Novissimas
496 2906 585 2970 Tuas
608 2905 719 2992 accepi
739 2905 868 2970 demum
886 2905 992 2970 redux
1014 2929 1056 2970 ex
1074 2907 1194 2972 Gallia.
1224 2908 1290 2973 Dc-
1367 2899 1375 2908 ¹

181 3012 236 3077 leo
258 3017 367 3074 autem
388 3008 523 3092 absente
542 3029 595 3072 me
613 3008 667 3072 hic
688 3007 790 3072 fuisse
805 3007 888 3072 Mol
900 3007 1000 3072 lium
1018 3008 1111 3073 illum
1126 3009 1293 3095 Vestrum,
1411 3079 1415 3084 ⁴

183 3116 237 3180 cui
258 3113 331 3177 viro
363 3095 574 3197 perlubent'er
596 3104 684 3172 erem
718 3109 943 3175 satisfacturus
975 3112 1016 3176 iis
1045 3111 1177 3195 officiis,
1210 3135 1294 3200 quae

183 3215 308 3282 nemini
335 3213 440 3298 magis
469 3233 489 3274 a
516 3232 568 3276 me
591 3211 789 3298 praestanda
809 3221 885 3276 sunt
913 3235 1009 3300 quam
1031 3214 1089 3297 iis,
1115 3214 1172 3300 qui
1194 3235 1215 3277 a
1236 3215 1293 3300 Te,
1379 3225 1383 3239 ¹

183 3320 245 3386 Vir
262 3314 506 3397 humanissime,
529 3313 745 3378 commendeti
767 3313 832 3379 huc
849 3314 1036 3380 adveniant.
1081 3315 1226 3382 Gravius
1247 3327 1295 3382 ta-
1335 3307 1342 3312 ⁹

184 3443 261 3488 men
288 3417 378 3482 dolui
403 3437 454 3480 me
483 3437 549 3480 non
567 3416 712 3502 potuisse
736 3413 899 3482 Batavum
920 3416 982 3482 iter
1009 3416 1189 3503 adjungere
1217 3419 1294 3486 Gal-

173 3523 260 3588 lico.
304 3519 450 3584 Primum
475 3519 561 3582 enim
582 3518 662 3582 mihi
696 3518 937 3605 properandum
962 3528 1032 3584 eret
1052 3519 1232 3605 Lutetiam,
1260 3533 1297 3588 ut

184 3623 401 3690 bibliothecas
429 3642 605 3710 muscaque
633 3629 747 3708 aperta
769 3624 947 3709 reperirem
977 3621 1178 3714 etHasium
1197 3626 1297 3713 inpri-

145 3739 152 3753 “
185 3728 248 3790 mis
278 3725 424 3810 aliosque
453 3723 563 3789 doctos
590 3723 737 3788 homines
764 3723 800 3786 in
826 3723 907 3788 urbe
934 3723 1042 3790 adhuc
1067 3735 1217 3811 agentes,
1240 3729 1297 3814 qui

187 3828 249 3895 sub
270 3827 413 3912 Augusti
443 3827 564 3892 mensis
592 3825 715 3890 exitum
743 3847 799 3888 rus
823 3824 916 3890 abire
944 3835 1000 3891 aut
1027 3827 1147 3893 itinera
1165 3830 1297 3914 ingredi

187 3937 439 3996 consueverunt.
483 3927 614 3992 Deinde
632 3927 780 3992 Lovanio
809 3926 877 3992 illic
897 3952 949 3994 me
970 3928 1159 3996 haerentem
1180 3953 1296 3997 conve-

187 4041 282 4098 nerat
308 4031 483 4096 Beklrerus
505 4038 630 4112 noster,
661 4015 879 4117 qui-reditum
899 4032 934 4095 in
955 4031 1039 4096 hanc
1067 4041 1193 4120 partem
1215 4033 1296 4099 Ger-

187 4135 315 4200 manias
337 4141 510 4222 propterea
534 4129 687 4218 urgebat,
712 4151 774 4220 quo
798 4133 944 4220 expleret
966 4133 1163 4200 desiderium
1184 4137 1297 4202 metris

190 4261 283 4322 suae,
322 4259 404 4324 quae
434 4233 668 4322 propemodum
695 4234 915 4319 moribunda,
936 4246 1116 4304 extremum
1146 4237 1298 4326 amplecti

191 4340 321 4408 volebat
352 4339 556 4404 carissimum
577 4335 640 4402 sibi
673 4337 786 4404 filium.
829 4339 918 4404 Huic
950 4361 1011 4424 ego
1042 4339 1155 4425 pietati
1182 4339 1298 4416 deesse

192 4466 254 4514 nec
273 4451 419 4531 poteram
439 4463 500 4512 nec
520 4439 679 4514 volebam.
725 4440 821 4512 Nunc
834 4450 943 4510 tamen
963 4442 994 4512 ei
1011 4440 1153 4509 feminae
1165 4443 1297 4511 melius·
