3167 5192
329 503 369 566 34

331 669 464 758 putidus
494 669 552 752 sit,
580 669 636 755 qui
664 667 771 734 denno
798 664 964 734 inculcare
992 667 1083 736 velit.
1103 706 1105 715 =
1128 664 1299 737 Sdubrius
1321 669 1372 737 illi
1394 659 1467 737 fe?

333 773 417 838 cisse
443 770 580 859 putandi
609 779 699 852 sunt,
728 772 800 858 qui,
835 771 922 860 quod
950 773 1022 859 ipse
1048 771 1105 836 ille
1138 772 1285 838 facturus
1312 775 1448 856 fuisset,

332 876 398 938 nist
387 873 485 938 fata
505 873 766 960 prohibuissent,
795 872 849 938 vel
871 874 1004 962 explere
1025 873 1234 958 studuerunt,
1256 876 1311 964 vel
1333 899 1447 940 emen-

333 977 429 1062 dare,
455 978 484 1041 si
509 977 589 1063 quid
612 997 676 1063 qua
702 975 738 1040 in
763 983 856 1062 parte
878 975 993 1041 deesse
1013 977 1123 1041 visum
1148 985 1233 1061 erat,
1255 959 1313 1042 aut
1332 979 1447 1041 minus

332 1089 419 1144 recte
434 1086 643 1166 praeceptum
666 1085 698 1142 et
716 1078 860 1166 quadam
877 1079 1006 1144 imurit
1026 1080 1146 1145 fusum.

417 1180 513 1269 Quod
542 1203 616 1254 curn
643 1180 687 1261 ad
713 1177 903 1265 singula
870 1182 947 1248 vni
956 1184 1129 1272 quantivis
1146 1204 1256 1272 opera·
1261 1184 1447 1275 pertineat.

331 1293 441 1349 tamen
463 1285 498 1346 in
518 1283 608 1348 nullo
626 1305 738 1350 eorum
764 1283 859 1370 plura
881 1283 1109 1351 desiderantur
1137 1286 1180 1351 ad
1199 1285 1447 1400 praestantiam,

334 1408 431 1505 quam
457 1387 492 1448 in
522 1407 560 1450 eo
587 1385 691 1502 quod·
699 1383 746 1450 de
775 1362 1001 1472 Allegorit
1028 1384 1227 1452 inscribitur
1278 1385 1353 1450 Hoc
1370 1387 1447 1450 uni-

228 1528 230 1539 ·
332 1491 449 1577 cuique
471 1486 611 1576 patebit,
637 1485 693 1578 qui
714 1494 936 1554 austerorum
957 1489 1158 1588 scriptorum
1168 1489 1308 1554 lectione
1326 1511 1448 1552 recens

333 1592 376 1657 ad
394 1591 456 1656 hoc
471 1589 655 1672 accesserit,
677 1595 709 1653 et
721 1587 964 1675 pronuntiatum
986 1612 1114 1689 quoqne
1133 1593 1169 1656 in
1187 1592 1448 1657 animadversio-

333 1699 430 1764 nibus
450 1695 493 1761 ad
510 1692 722 1759 novissimam
742 1689 919 1754 editionem
935 1699 987 1780 est
1003 1715 1024 1757 a
1019 1693 1218 1783 Meyero
1263 1693 1398 1758 Nam'
1369 1715 1448 1758 s1ve

334 1802 502 1868 doctrinae
522 1795 705 1861 ubertatem
728 1802 871 1879 spectes,
893 1815 977 1882 quae
997 1795 1033 1858 in
1053 1796 1115 1861 hoc
1135 1804 1327 1884 argumento
1342 1794 1446 1859 collo-

334 1904 403 1970 cari
422 1901 547 1966 utiliter
565 1903 707 1985 poterat,
724 1897 798 1964 sivo
816 1895 1022 1982 disciplinae.
1033 1897 1123 1966 riam
1145 1901 1386 1985 rationemque,
1408 1899 1448 1962 in
1491 1908 1495 1916 '

334 2007 460 2072 utravis
480 2002 538 2068 ille
551 1999 612 2067 ¹hic
632 1998 763 2086 quidem
784 1998 836 2066 sui
857 1998 1029 2077 dissimilis
1057 2003 1243 2087 rreperltur.=
1271 1989 1448 2082 Quaecun-

335 2129 398 2195 que
425 2125 505 2178 vero
536 2104 581 2168 in·
599 2123 792 2190 quacunque
805 2107 900 2187 parte
920 2099 1162 2187 desiderentur,
1186 2126 1225 2175 ets
1240 2104 1287 2170 ad
1306 2104 1372 2169 duo
1386 2099 1447 2190 po-

332 2210 495 2274 tissimum
516 2227 640 2291 genera
660 2204 809 2272 rovocari
828 2210 960 2299 queunt.
1047 2276 1050 2283 ,

374 2348 388 2365 ··
417 2309 503 2380 Nam
520 2310 661 2394 primum
686 2328 803 2395 pamm
824 2326 960 2390 cetratos.
979 2306 1110 2385 Videtur
1123 2307 1446 2391 ,Winolrelmannuq

336 2412 424 2502 quod
443 2409 498 2476 vel
519 2413 662 2476 maxime
685 2410 758 2476 fieri
781 2406 936 2492 debebat,
958 2416 996 2474 ut
1011 2406 1114 2478 toturn
1133 2409 1205 2496 ejus
1219 2409 1285 2475 loci
1301 2410 1448 2497 spatium

198 2486 202 2494 Ι
239 2509 243 2514 ’
337 2512 557 2599 ambitumque
586 2511 688 2598 qnasi,
708 2508 811 2576 oculis
834 2507 1053 2596 colluutuaret,
1079 2511 1143 2587 boo
1164 2519 1228 2595 est,
1254 2521 1292 2578 ut
1310 2513 1448 2577 univer.

337 2637 409 2682 sum
430 2613 514 2678 illud
540 2620 781 2699 argumentum,
809 2612 941 2698 quoquc
966 2621 1070 2699 patet,
1098 2616 1217 2679 mentis
1243 2615 1447 2701 cogitatione

338 2719 402 2785 sibi
423 2717 552 2805 penitus
573 2715 781 2796 informaret,
808 2715 895 2778 etin
916 2732 1029 2780 omnes
1051 2716 1122 2804 ejus
1142 2725 1253 2803 partas
1274 2725 1446 2782 converte

335 2830 386 2887 ret
412 2813 676 2904 intelligentiam,
705 2811 768 2903 quo
797 2823 830 2879 et
848 2824 923 2902 apte
950 2807 1200 2902 disponerentur
1221 2817 1368 2904 singula,
1386 2840 1447 2884 ne·

337 2945 400 3012 que
430 2920 606 3009 quidquam
635 2917 730 3006 quod
745 2935 894 2982 caussam
926 2919 975 2982 rei
1003 2921 1197 3006 contineret,
1228 2922 1446 2987 omitteretur.

337 3023 468 3089 Deinde
489 3023 524 3086 in
545 3017 746 3106 singularum
761 3042 871 3084 rerum
887 3020 1094 3105 mactatione,
1115 3044 1188 3086 cum
1203 3022 1283 3086 satis
1298 3021 1448 3087 studiose

337 3125 444 3190 sontes
468 3124 586 3188 sectari
606 3123 774 3208 videatur,
805 3129 916 3187 tamen
938 3123 1046 3189 minus
1068 3133 1172 3208 arcte,
1193 3147 1292 3212 quam
1311 3127 1348 3190 in
1368 3123 1447 3190 aliis

218 3284 222 3296 .
337 3219 497 3293 comment
484 3223 661 3291 at1on1bus
668 3272 677 3308 ,
702 3247 737 3289 se
761 3224 919 3312 applicuit
945 3225 989 3290 ad
1017 3225 1104 3298 solos
1131 3235 1273 3329 veteres
1283 3235 1446 3324 auctores,

337 3319 396 3424 sed
417 3323 590 3398 hincinde
612 3325 884 3402 areoentioribus
907 3327 1050 3414 pendere
1074 3339 1171 3418 atque
1191 3352 1209 3394 e
1211 3316 1346 3398 rivulis
1364 3330 1446 3396 bau-

337 3428 403 3497 rire
429 3427 717 3521 deprehenditurL,
743 3417 841 3494 Unde
867 3428 989 3494 factum
1017 3440 1081 3516 est,
1110 3439 1147 3497 ut
1175 3426 1359 3522 hocopus
1370 3455 1447 3502 enm

315 3525 463 3598 ‘rationo
491 3538 559 3596 tum
588 3533 734 3611 oratione
762 3533 870 3596 minus
900 3533 998 3597 etiam
1025 3534 1148 3599 referat
1180 3521 1326 3599 nativam
1353 3533 1448 3598 illam

338 3622 512 3722 sirnplticia
492 3639 577 3696 atem
603 3625 788 3718 antiquitat
779 3656 808 3698 ιε
817 3643 1126 3723 venustatemque,
1147 3637 1218 3701 sive
1237 3622 1322 3700 illud
1346 3629 1448 3700 εὐπι-

277 3823 279 3830 ,
337 3735 414 3822 aa,
432 3756 496 3823 qao
519 3742 628 3801 cetera
648 3732 746 3820 hujus
768 3738 833 3816 siri
851 3737 993 3824 plurima
1006 3743 1181 3822 tantopere
1194 3734 1334 3822 placent,
1354 3736 1446 3818 Quo-

339 3841 441 3922 circa,
458 3845 495 3904 ut
515 3837 613 3904 tacite
631 3835 756 3922 largior
769 3837 1078 3924 intelligentissimis
1092 3837 1364 3926 horum=·opornm
1376 3839 1446 3904 edi·

309 3980 312 3991 ι
337 3939 479 4022 toribus,
508 3939 660 4003 universe
686 3938 961 4006 sibi'cavendum
981 3940 1101 4022 fuisse,
1128 3939 1446 4006 rte-animadversio-

232 4093 242 4119 „
338 4063 416 4108 num
436 4041 601 4126 farragine
613 4039 945 4107 Winckelmanniana
966 4042 1158 4108 obruerent:
1179 4042 1228 4106 ita¹
1246 4044 1282 4107 ln
1299 4042 1445 4131 hocqui·
1503 4088 1504 4109 ι

339 4145 414 4211 dem
443 4165 540 4232 opere
568 4141 684 4227 velim,
714 4139 880 4232 aliquanto
914 4143 1153 4209 munificentius
1167 4134 1329 4212 'sudditum
1357 4145 1445 4233 quod

337 4245 513 4336 plurimum
548 4243 661 4310 deesse
693 4247 870 4333 reperitur,
908 4247 1112 4332 positumque
1146 4238 1319 4330 munitius,
1358 4245 1446 4334 quod

333 4350 422 4433 justo
445 4349 646 4416 firmamento
668 4346 857 4414 destinatum
878 4345 1008 4432 pendet.

420 4450 491 4516 Nos
514 4451 635 4536 igitur,
662 4455 817 4535 quantum
843 4449 879 4512 in
906 4447 1001 4514 nobis
1027 4456 1092 4531 est,
1121 4449 1279 4516 laniamus
1302 4450 1381 4534 hoc,
1397 4461 1447 4516 ut
