3167 5192
298 402 359 466 tao

163 642 167 647 ,
291 590 397 657 paene
424 566 591 633 literarum
619 562 923 652 Philosophicarum
948 564 1106 633 ambitum
1134 564 1283 633 docendo
1313 588 1424 653 pera-

292 663 453 759 grandum
480 667 561 751 sihi,
590 675 660 733 tum
689 668 726 733 in
755 667 849 735 illum
877 668 1087 735 historiarum
1112 668 1283 735 Oceanum
1314 670 1420 735 inve·

244 837 252 853 ,
293 774 436 841 bendum
473 778 579 855 ratus,
622 770 749 837 docuitt
797 771 977 839 doctrinam
1016 774 1134 839 artium
1178 771 1424 860 (Aestheticen

294 874 444 964 vocant),
473 874 592 940 Latine
620 873 787 967 scribendi
818 884 1010 964 praccepta,
1040 874 1262 963 Antiquitates
1286 875 1420 941 Roma·
1492 862 1493 935 ³

295 1002 369 1063 aas,
397 976 643 1064 disciplinarum
665 976 981 1066 Encyclopaediam,
1002 1000 1081 1045 mox
1098 979 1197 1045 etiarn
1213 976 1292 1043 inde
1313 976 1360 1043 ab
1379 1000 1420 1043 a.
1492 1012 1493 1021 κ

296 1096 582 1151 momccmwn.
610 1078 856 1165 Oeconomiam,
883 1102 956 1147 cum
977 1083 1012 1147 in
1033 1081 1270 1149 Oeconomicus
1295 1080 1418 1165 Socie-

294 1186 372 1257 tatis
392 1180 604 1251 cassellanae
625 1182 813 1249 sodalitium
833 1191 998 1272 receptus,
1020 1184 1056 1250 id
1077 1206 1206 1273 quoque
1227 1184 1279 1249 sui
1301 1183 1419 1249 officii

296 1289 439 1356 duceret.
484 1282 632 1371 Cumque
651 1306 691 1349 ea
711 1284 912 1353 consuetudo
933 1285 1103 1353 ferocioris
1122 1287 1250 1373 ingenii
1259 1286 1419 1373 judicari
1492 1294 1493 1303 ’

296 1390 397 1475 vulgo
427 1386 546 1472 soleat,
573 1388 750 1454 maturiore
765 1396 886 1453 tamen
913 1396 1020 1455 aetate
1046 1390 1082 1455 in
1112 1389 1248 1455 historia
1274 1388 1347 1453 fere
1375 1410 1418 1453 se

297 1490 499 1574 continebat,
520 1491 556 1556 in
573 1512 637 1579 quo
654 1513 734 1562 ,eum
757 1495 878 1579 optimo
903 1492 1040 1559 consilio
1059 1514 1155 1559 usum
1175 1510 1263 1574 esse,
1290 1490 1417 1557 haruin

297 1617 406 1664 rerum
425 1592 624 1680 intelligenti
642 1594 785 1661 arbitror
801 1594 937 1661 dubium
956 1595 1027 1661 fore
1048 1594 1180 1661 nemini.
1225 1592 1418 1659 Historiam

296 1721 356 1789 pro
377 1694 533 1763 cathedra
555 1696 667 1763 docuit
686 1698 784 1765 modo
804 1696 997 1763 catholicam
1023 1697 1100 1763 inde
1121 1718 1142 1761 a
1164 1718 1274 1761 rerum
1290 1694 1416 1761 huma

297 1824 413 1869 narum
434 1800 561 1885 origine
576 1799 620 1865 ad
639 1809 752 1865 nostra
764 1808 928 1888 tempora,
949 1800 1047 1867 modo
1061 1800 1214 1887 Europae
1230 1818 1415 1884 regnorum

175 1924 182 1944 ‘
298 1904 457 1986 omnium,
483 1901 580 1968 modo
607 1901 743 1989 Imperii
765 1903 971 1986 Germanici,
1006 1902 1164 1969 ecclesiae
1192 1900 1416 1985 Christianae,

170 2044 173 2053 ι
297 2005 506 2087 Haasiacam,
536 2001 746 2069 Stetisticam.

382 2104 562 2193 inquibus
584 2104 779 2171 lectionibus
803 2105 912 2174 omnia
932 2106 1136 2190 necessitati,
1165 2104 1248 2171 nihil
1269 2104 1416 2170 vanitati

298 2210 414 2294 dabat,
438 2217 475 2274 ut
496 2209 553 2296 qui
576 2230 756 2297 perumque
777 2208 867 2273 nuda
887 2230 997 2274 rerum
1017 2216 1184 2295 gestarum
1204 2206 1413 2295 expositione

167 2393 169 2400 Α
298 2320 469 2380 contentus
491 2319 575 2393 erat,
604 2332 686 2399 quas
707 2311 744 2377 in
762 2310 1096 2400 universali-quidem
1112 2311 1252 2377 ‘historia
1272 2310 1413 2375 chrono-
1445 2340 1448 2346 ·

298 2416 405 2503 logico
425 2411 566 2499 quodam
583 2434 673 2478 nexu
693 2413 874 2479 secundum
892 2412 1147 2501 longitudinem,
1166 2422 1204 2479 ut
1220 2414 1268 2479 ita
1287 2411 1411 2495 dicam,
1455 2422 1480 2445 '⁸

300 2512 564 2603 coagmentabat,
592 2515 640 2579 ita
659 2523 696 2580 ut
715 2514 808 2581 illum
830 2515 970 2581 altemm
984 2536 1124 2601 noxum,
1146 2538 1211 2605 qua
1229 2514 1411 2582 secundum

184 2650 190 2658 κ
298 2618 503 2685 latitudinem
527 2609 679 2701 singulae
702 2625 813 2704 partes
835 2620 1035 2705 junguntur,
1061 2640 1128 2685 non
1149 2637 1283 2707 prorsus
1305 2616 1411 2703 negli-

298 2728 401 2809 geret.
445 2718 490 2783 Et
509 2718 610 2784 hahet
631 2740 811 2807 sane,.quo
830 2744 865 2787 se
885 2724 1089 2789 commendet
1107 2724 1173 2788 ista
1193 2722 1293 2797 ratio:
1325 2719 1411 2786 illnd

269 2880 272 2900 ,
298 2835 409 2891 tamen
422 2821 511 2887 haud
530 2821 609 2905 scio,
630 2843 675 2893 an
690 2822 783 2909 juste
804 2822 910 2891 levius
932 2826 1091 2912 attigerit:
1113 2820 1302 2889 interiorem
1312 2844 1411 2889 even-

299 2923 391 2995 tnnrd
412 2928 498 2992 inter
519 2945 555 2989 se
570 2925 843 3012 conjunctionem,
865 2927 1115 3015 explicationem
1129 2944 1317 2995 camsaurm
1330 2924 1409 3002 ube·

299 3034 434 3113 riorem,
462 3050 637 3116 rerumque
664 3030 708 3095 ad
736 3028 870 3097 humani
891 3032 1023 3116 generis
1045 3028 1265 3097 conditionem
1285 3028 1355 3095 vim
1377 3038 1410 3094 et

201 3180 203 3188 ·
299 3135 513 3215 momentum,
536 3130 667 3219 aliaque
689 3132 808 3221 quibus
830 3133 967 3199 historia
991 3133 1259 3198 vitaehumanae
1279 3129 1410 3218 publius

300 3233 518 3323 privatimque
537 3230 707 3299 unctuosa
725 3234 891 3319 redditur,
922 3244 955 3300 et
976 3236 1138 3321 interpres
1164 3230 1313 3299 veritatis
1336 3252 1409 3297 cen-

300 3346 388 3403 setur
408 3336 694 3425 doctrinarumque
714 3346 897 3405 ceterarum
924 3338 1150 3403 illuminatrix.
1193 3336 1299 3401 Erant
1320 3343 1407 3401 eerte
1492 3368 1493 3419 3

249 3431 251 3436 ’
301 3441 357 3529 qui
399 3440 435 3504 in
465 3438 524 3505 illo
554 3438 682 3524 libelle,
723 3462 787 3528 quo
826 3441 994 3507 historiam
1033 3438 1226 3507 catholicam
1268 3436 1407 3525 comple·
1492 3492 1493 3529 3

299 3566 363 3611 xus
385 3549 449 3626 est,
466 3542 594 3630 justum
615 3550 648 3607 et
667 3542 852 3629 elegantem
872 3564 982 3609 rerum
995 3542 1152 3609 dilectum
1174 3540 1406 3607 desiderarent.
1492 3592 1493 3631 ,

302 3647 454 3714 Getarum
481 3647 584 3711 oratio
613 3655 684 3711 erat
710 3645 873 3733 profluens
895 3655 928 3711 et
957 3646 1028 3711 sins
1049 3644 1264 3712 haesitatione
1285 3641 1406 3727 labens,
1492 3632 1493 3639 ἵ

298 3749 460 3815 memoria
478 3756 528 3814 tot
547 3757 777 3837 tantarumque
797 3750 985 3815 notitiarum
1013 3739 1119 3835 capax
1140 3756 1173 3811 et
1192 3746 1275 3829 fida,
1303 3740 1339 3811 ut
1359 3768 1405 3811 se·
1492 3768 1493 3773 ¹

300 3875 367 3918 nex
380 3851 487 3934 etiarn,
508 3871 582 3915 cum
596 3850 681 3916 forte
695 3849 872 3939 aliquando
889 3852 925 3915 in
936 3870 1071 3915 numero
1081 3848 1284 3932 haesitasset,
1298 3868 1406 3935 prom·

301 3963 356 4044 pte
379 3962 414 4019 et
433 3952 531 4019 facile
553 3955 640 4041 quod
661 3976 742 4042 opus
761 3962 849 4019 esset
868 3954 1139 4021 reminisceretur.

387 4055 593 4142 Religionem
614 4067 726 4123 sancte
747 4058 869 4143 colere,
891 4058 1029 4125 historia
1050 4056 1216 4142 magistra,
1232 4054 1402 4137 didicerat,

303 4161 338 4224 in
367 4181 432 4247 qua
449 4159 676 4247 providentiae
703 4182 814 4225 rerum
833 4150 1047 4225 humanarum
1071 4158 1310 4245 gubernatricis
1334 4174 1405 4221 uus·

304 4282 402 4350 quam
426 4282 493 4327 non
513 4262 602 4327 haud
623 4262 762 4328 obseura
784 4264 926 4349 vestigia
947 4270 1110 4346 cerneret3
1132 4252 1345 4348 quodipsum
1360 4262 1404 4325 'si-

245 4353 247 4358 '
302 4364 479 4456 gnifioabat
498 4373 531 4431 et
550 4364 670 4433 scholis
693 4367 762 4432 suis
784 4373 818 4431 et
836 4366 923 4431 omni
938 4366 1026 4430 vitae
1046 4370 1196 4451 generet]
1221 4362 1402 4433 Formularn
