3167 5192
266 443 273 456 ’
313 483 376 556 ιιι

313 673 410 742 qnam
430 653 680 742 praetermittet,
712 651 801 740 qued
820 652 863 718 sd
883 674 936 718 ree
957 651 1095 720 Vestras
1116 652 1286 741 angendae
1306 675 1425 720 ornan-

293 755 436 844 dasqne
466 756 639 842 pertineat.
688 755 806 843 Itaque
833 755 986 844 copulata
1018 755 1138 822 deeora
1168 757 1236 824 tale
1265 756 1426 844 quiddam

311 855 462 924 effoetum
483 855 708 944 praestabunt,
736 859 825 946 quod
846 859 942 948 quale
963 857 1110 924 futurum
1129 858 1189 941 sit,
1215 880 1305 926 nunc
1324 859 1426 925 etiam

311 960 467 1046 augurari
488 959 585 1026 nohis
606 961 757 1028 videmur
773 981 881 1048 poree.

396 1061 493 1144 Quod
519 1061 680 1150 reliquum
705 1071 770 1146 eet,
803 1085 864 1144 noa
891 1061 1024 1149 quidem
1052 1083 1228 1151 numquam
1247 1064 1424 1150 patiemur,
1491 1060 1492 1073 ¹

311 1163 415 1230 latere
428 1163 496 1230 Vos
517 1166 547 1230 si
568 1163 647 1250 quid
664 1164 725 1230 sub
743 1164 989 1232 clementissimi
1005 1164 1171 1252 Principis
1185 1166 1298 1233 Nostri
1312 1166 1444 1251 auspi-'

311 1267 371 1332 ciis
393 1267 430 1332 in
448 1265 546 1332 Alma
565 1275 675 1334 neema
695 1265 865 1333 academia
881 1287 1058 1355 procursum
1078 1265 1188 1334 fuerit.

395 1367 626 1436 Scribebamus
643 1367 815 1453 Murburgi
832 1367 898 1434 Die
914 1367 974 1434 VI.
995 1367 1046 1436 Id.
1064 1369 1224 1438 Februur.
1246 1386 1422 1440 nuscum.

222 1623 224 1628 .
360 1557 398 1644 4)
417 1571 627 1627 nxcearruu
649 1571 844 1624 nrrsrccnn
865 1559 999 1622 errare
1020 1557 1295 1638 menusanum
1315 1576 1370 1640 an,

730 1657 992 1744 σκῆψιν).

392 1815 433 1828 -—
456 1775 546 1863 Ergo
568 1776 619 1842 Tu
641 1797 728 1842 nunc
748 1775 928 1863 Marhurgo
946 1777 1203 1865 Heidelbergam
1231 1779 1421 1847 delatru'ea
1491 1746 1492 1785 ³

188 1915 191 1920 ·
307 1882 395 1946 vitae
425 1881 587 1946 suavitate
613 1887 647 1944 et
672 1878 901 1946 commoditate
927 1879 1062 1963 frueris,
1095 1889 1132 1946 ut
1152 1880 1201 1946 nil
1220 1905 1420 1970 magnopere

308 1981 495 2050 desiderare
516 1981 671 2048 videaris.
717 1979 824 2062 Quam
850 1981 982 2067 quidem
1013 1981 1203 2050 felicitatem
1231 1984 1420 2052 diuturnam

306 2087 405 2152 immo
432 2092 621 2170 perpetuam
645 2082 721 2150 Tibi
750 2081 822 2150 fore
846 2091 880 2148 et
903 2105 999 2170 spero
1026 2093 1060 2150 et
1080 2094 1168 2172 opto.
1211 2085 1419 2175 Quamquam

163 2224 172 2248 .
306 2189 359 2254 his
379 2186 597 2274 temporibus,
623 2185 682 2252 ubi
704 2186 879 2274 quotannis
905 2206 1012 2254 novae
1035 2189 1266 2255 conversiones
1286 2189 1419 2276 publice

306 2293 477 2377 ingruunt,
505 2289 585 2375 quid
614 2288 678 2354 sibi
705 2288 860 2375 privatim
884 2288 958 2376 quis
983 2290 1152 2377 proprium
1179 2291 1340 2378 spondeat
1359 2294 1420 2359 vix

306 2391 530 2478 intelligimus.
583 2389 678 2458 Adeo
708 2390 840 2456 diversa
866 2389 1069 2477 conditione,
1101 2414 1201 2481 quam
1231 2402 1308 2460 ante
1336 2393 1420 2461 haec

305 2495 369 2560 tria
388 2493 500 2576 lustra,
517 2515 604 2560 umrc
620 2493 774 2575 vivimus,
794 2500 833 2558 ut
852 2512 907 2556 res
931 2499 1088 2562 externae
1108 2498 1260 2584 quamvis
1276 2497 1312 2562 in
1325 2505 1419 2566 tanto

306 2595 500 2662 detrimento
529 2617 594 2663 uon
612 2593 844 2682 poenitendae,
869 2601 980 2662 tumen
997 2597 1145 2685 quotidie
1163 2621 1207 2664 ne
1227 2606 1420 2668 evertantur

304 2685 484 2766 verendum
505 2698 558 2766 sit.
602 2697 669 2766 Sed
690 2695 777 2762 malo
797 2697 942 2764 animum
963 2720 985 2764 a
1005 2699 1125 2769 fumus
1143 2723 1185 2768 ac
1202 2702 1355 2770 tristibue
1373 2703 1419 2769 ad

220 2813 244 2873 ,’
304 2801 392 2868 lecta
412 2795 560 2888 quamuis
581 2801 757 2887 praeterita
779 2797 916 2865 referre.
932 2836 977 2853 -ψ

387 2903 442 2970 De
462 2903 513 2970 his
535 2901 672 2990 aliisque
693 2903 792 2970 rebus
815 2905 849 2968 in
864 2902 996 2972 liberata
1009 2905 1189 2972 Germania
1202 2907 1299 2972 ueris
1315 2906 1418 2974 velim
1486 2973 1490 2979 .

303 3005 383 3072 mihi
404 3005 539 3072 scribae.
583 3003 783 3072 Incredibile
804 3007 891 3074 enim
916 3015 967 3074 est
985 3014 1023 3074 ut
1039 3005 1081 3073 de
1101 3005 1200 3093 rebus
1222 3009 1346 3074 extera
1368 3008 1417 3076 nil

241 3148 243 3155 ι
294 3107 524 3182 inaudiamus:
555 3115 587 3172 et
612 3107 744 3172 minime
771 3110 914 3176 omnium
935 3129 1014 3194 ego,
1042 3109 1099 3195 qui
1118 3131 1179 3196 per
1198 3110 1304 3176 diram·
1324 3111 1417 3179 illam

302 3218 434 3277 nostrae
456 3208 548 3276 urbis
571 3217 724 3292 stragem,
743 3209 894 3278 diffracta
916 3211 1022 3294 domo,
1044 3213 1175 3280 amireis
1189 3211 1301 3280 multia
1315 3214 1417 3282 rebus

302 3313 337 3378 in
359 3311 522 3382 hortulum
544 3309 766 3378 suburbanum
788 3313 895 3380 evasi:
917 3312 976 3380 ubi
997 3313 1105 3380 adhuc
1125 3313 1248 3380 habito.

363 3447 365 3452 ·
388 3411 485 3494 Quod
509 3421 638 3498 praeter
659 3413 825 3500 Bergium
849 3423 997 3482 nostrum
1027 3415 1125 3481 etium
1151 3415 1415 3502 cambeotium,

302 3511 500 3597 Schiitzium,
521 3515 690 3598 Beckium,
709 3515 943 3601 Hermannum,
966 3516 1225 3585 Tiedemcnnum
1246 3519 1416 3604 audivisti,

301 3615 506 3680 doctissimos
539 3617 688 3702 proiecto
720 3626 752 3686 ct
787 3619 1016 3693 solertissimos
1048 3629 1180 3689 nostrae
1208 3620 1260 3687 Tu
1295 3625 1416 3689 aetatis

300 3716 474 3802 magistros
502 3715 662 3786 habuisti:
700 3715 886 3806 cujiumcdi
912 3721 992 3788 mihi
1017 3722 1117 3788 velim
1142 3723 1305 3809 collegam
1330 3724 1413 3790 obti-

299 3821 399 3906 gisse,
417 3821 473 3907 qui
495 3828 621 3886 mortuo
642 3823 841 3892 Ruhnkeuio
862 3825 1042 3893 succedens
1064 3827 1228 3894 neminem
1249 3826 1303 3892 hie
1322 3851 1413 3914 mag·

300 3941 421 4008 ncpcre
449 3921 602 4008 habeam,
633 3947 771 4012 quocum
797 3926 919 3994 nocuis
949 3928 1081 4014 quidem
1106 3928 1147 3994 de
1174 3928 1296 3997 Literia
1323 3945 1413 4014 συμ-
1444 4009 1449 4018 Ι

299 4029 495 4109 φιλολογεῖν
525 4049 564 4094 uc
589 4029 715 4096 discere
738 4031 872 4116 possim.
916 4028 1029 4117 Nuper
1051 4030 1188 4098 alteram
1209 4031 1411 4100 Selectorum

299 4149 444 4194 meorum
465 4131 688 4202 recensionem
710 4131 810 4216 edidi,
828 4133 928 4221 idque
945 4132 1044 4218 solus,
1066 4133 1198 4204 orbatus
1213 4133 1339 4209 scilicet
1355 4137 1410 4202 ad-

369 4358 395 4424 *)
413 4359 456 4410 De
472 4359 684 4424 wyttenbachio
710 4358 824 4426 ejusque
846 4365 943 4425 nepte,
966 4366 1063 4426 postea
1077 4377 1175 4425 unere,
1198 4363 1328 4415 dohunua
1347 4364 1407 4418 Gal·

300 4443 355 4510 litn
371 4444 487 4501 consulo
501 4447 679 4505 uuuc0Vitam
697 4453 798 4516 meam,
815 4447 948 4517 Epimetr.
966 4448 1006 4501 11.
1024 4464 1052 4517 p.
1071 4449 1193 4502 79-89.
