3167 5192
248 473 254 479 ’
286 482 347 551 lot

315 638 319 645 ’
369 652 444 739 Ego
465 662 574 720 autem
591 672 787 742 quamquam
807 652 928 741 optime
947 654 1053 721 sentio
1072 654 1135 723 hoc
1154 658 1204 720 tot
1217 658 1396 719 tantarum

285 776 348 843 quc
369 776 478 821 rerum
499 755 731 842 gravisemum
752 763 979 840 argumentum
1006 756 1233 823 adumbratum
1253 762 1397 819 tentum·

285 856 381 923 modo
406 878 427 921 a
452 880 505 923 me
529 878 618 941 esse,
649 864 682 923 et
702 856 857 921 exnemis
878 856 1040 925 duntaxat
1058 858 1155 924 lineis
1177 856 1395 944 descriptum:

283 967 393 1024 tamen
421 981 460 1025 eo
487 959 638 1025 sufficere
658 958 827 1042 existimo,
854 980 918 1047 quo
938 955 1157 1047 intelligatur,
1186 978 1259 1023 eam
1278 956 1396 1023 urbem

284 1083 350 1127 non
370 1062 468 1127 modo
488 1061 739 1149 procreatricem
758 1059 969 1127 humanitatis
983 1062 1096 1146 fixisse,
1117 1080 1232 1129 verum
1245 1058 1397 1125 altricem

285 1164 397 1247 etiam,
418 1163 621 1253 eandemque
639 1164 725 1229 hauc
741 1163 899 1228 virtutem
914 1184 973 1251 per
991 1172 1153 1229 terrarum
1174 1160 1287 1229 orbem
1305 1162 1397 1227 latis-

284 1267 366 1331 sime
387 1266 623 1354 utilissimeque
641 1284 853 1355 propagasse.
882 1265 958 1330 Jam
976 1266 1130 1355 equidem
1145 1265 1208 1331 hoc
1229 1262 1301 1329 loco
1317 1282 1397 1351 poe·

284 1390 353 1434 sem
367 1368 502 1454 evagari
515 1364 622 1450 latius,
637 1376 736 1453 atque
749 1373 820 1430 tum
834 1367 983 1455 repetitis
998 1390 1042 1434 ex
1054 1368 1215 1456 majorum
1226 1364 1397 1447 memoris,

283 1480 353 1536 tum
379 1470 465 1534 vivis
493 1490 532 1533 ac
559 1466 757 1556 spirantibus
780 1468 939 1555 exemplis
959 1470 1165 1554 confirmare,
1195 1473 1398 1555 quantopere

282 1573 318 1636 in
343 1569 494 1657 plurimis
521 1568 619 1635 rebus
641 1569 762 1633 vesu·
788 1570 905 1637 civitas
933 1582 1078 1641 veterem
1097 1572 1189 1639 illam
1210 1568 1315 1637 omnis
1337 1568 1397 1632 hu·

284 1672 450 1739 munitatis
478 1677 648 1761 pmeutem
680 1671 847 1735 civitatem
877 1673 1015 1759 referat,
1048 1682 1082 1739 et
1109 1694 1208 1764 quam
1234 1692 1313 1736 rere
1337 1668 1399 1735 illa

284 1775 447 1841 communi
466 1772 794 1863 prudentissimorum
819 1772 985 1841 hominum
1006 1796 1169 1843 consensu
1189 1774 1398 1842 Athenarum

284 1876 484 1943 Batavarum
505 1875 636 1941 nomine
656 1874 850 1963 appelletur.

369 1977 436 2045 Sed
462 1984 581 2045 avocat
599 1998 652 2042 me
674 1975 717 2043 ab
739 1998 778 2042 eo
797 1976 933 2044 consilio
956 1988 989 2045 et
1009 1982 1165 2071 temporis
1183 1980 1282 2064 ratio,
1310 1999 1398 2065 quae

284 2103 338 2147 me
357 2079 457 2147 finem
478 2082 645 2169 imponere
662 2080 803 2145 orationi
820 2079 981 2167 admonet,
1002 2106 1109 2173 neque
1129 2106 1170 2150 ea
1188 2105 1251 2167 res,
1271 2080 1398 2147 dudum

282 2206 343 2271 pro
364 2184 426 2249 sui
446 2184 608 2270 dignitate
626 2182 669 2248 ab
690 2183 876 2249 hominibus
897 2207 949 2250 me
971 2186 1074 2253 multo
1095 2184 1294 2254 doctioribus
1311 2182 1398 2249 cele·

259 2286 388 2371 'brat-s,
410 2308 504 2354 meae
525 2288 618 2353 vocis
638 2286 860 2352 testimonium
880 2286 1068 2355 desiderare
1088 2290 1228 2355 videtu.
1365 2339 1367 2347 .

368 2389 533 2471 Quocirca
562 2388 646 2455 illud
673 2409 775 2453 unum
801 2409 913 2473 agam,
944 2399 981 2455 ut
1007 2390 1076 2457 Vos
1106 2386 1398 2458 commonefaciam

284 2491 356 2578 ejus
376 2493 442 2575 rei,
464 2513 562 2578 quam
588 2512 609 2554 a
628 2489 733 2555 Vobis
753 2490 859 2553 teneri
874 2512 947 2555 mea
965 2484 1107 2559 maxime
1127 2492 1239 2559 refert.
1282 2490 1398 2562 Nostis

284 2594 387 2676 onim,
411 2594 447 2657 in
464 2592 532 2659 illis
554 2593 804 2660 Atheniensium
826 2593 1001 2661 virtutibus
1024 2596 1199 2661 eminuisse
1220 2594 1397 2682 praecipue
1422 2620 1431 2635 ·

223 2761 227 2775 ,
283 2696 517 2763 humanitatem
536 2719 616 2783 erga
637 2696 844 2784 peregrinos3
866 2702 903 2759 ut
924 2697 1022 2761 etiam
1039 2696 1183 2763 Pericles
1205 2696 1293 2783 apud
1308 2694 1397 2761 Thu·-

283 2798 436 2886 cydidem
452 2797 515 2863 hoc
535 2800 667 2865 nomine
688 2799 779 2866 cives
802 2816 878 2861 suos
899 2798 1059 2884 dilaudet,
1092 2822 1212 2889 eosque
1231 2800 1397 2888 nemiuem

283 2923 478 2991 quemquam
504 2926 526 2967 a
553 2922 631 2967 suae
655 2899 850 2987 discipliuae
880 2898 1125 2991 elegantiaeque
1150 2903 1260 2969 fructu
1282 2924 1398 2969 arcere

281 3004 481 3091 profiteatur.
525 3006 601 3071 Jam
627 3026 701 3070 cum
728 3007 1051 3085 Auasetissimi-Reah
1085 3011 1183 3072 Verus·
1194 3004 1396 3089 auotoritas,

284 3113 519 3189 Curowrumqroe
537 3114 632 3188 hujus
650 3111 832 3172 Academiae
859 3104 1030 3171 consilium
1056 3130 1126 3192 me,
1156 3109 1244 3197 quod
1265 3108 1397 3175 Vestris

282 3210 381 3277 rebus
410 3212 485 3275 met
517 3210 738 3299 qualicunque
765 3208 866 3295 opert
893 3208 1041 3275 nonnihil
1072 3211 1230 3299 prodesse
1262 3211 1397 3278 viderer

262 3322 388 3401 posse,
409 3334 548 3400 peregre
567 3311 633 3378 hue
648 3310 868 3394 mcossiverit,
892 3310 962 3376 Vos
983 3333 1070 3379 nunc
1091 3332 1153 3400 ego
1174 3312 1229 3398 ei,
1249 3334 1316 3402 qua
1334 3336 1398 3402 par

235 3463 243 3477 ,
282 3424 341 3499 est,
362 3415 574 3483 observantia
592 3436 673 3501 rogo
679 3464 689 3499 ,
709 3424 747 3481 ut
753 3462 763 3497 ,
784 3415 873 3501 qood
890 3417 1082 3501 peregrinus
1106 3438 1193 3496 sum,
1217 3414 1319 3482 nihilo
1341 3438 1397 3485 me

282 3518 389 3583 minus
414 3518 536 3584 idcirco
565 3517 765 3583 humanitate
786 3518 906 3583 Vestri
931 3518 1211 3605 complectendum
1225 3518 1396 3606 judicetis.

280 3621 397 3709 Neque
423 3642 485 3707 ego
514 3642 558 3686 ex
587 3620 698 3709 aliqua
720 3618 877 3686 barbarie.
896 3620 960 3686 hue
981 3618 1109 3686 delatus
1125 3623 1223 3692 venir
1261 3622 1397 3688 Heidel-

281 3724 388 3810 bergt
407 3730 563 3789 evocatus
584 3723 678 3807 veni3
696 3744 780 3812 quae
793 3724 923 3807 civitas,
941 3732 975 3789 et
987 3724 1059 3811 ipsa
1073 3722 1186 3789 dedita
1199 3725 1396 3812 optimarum

282 3827 402 3892 artium
422 3825 549 3910 studiis,
570 3826 784 3914 religionibus
806 3834 914 3891 autem
937 3827 1151 3891 sanctissimis
1173 3826 1312 3892 Vestrae
1331 3830 1395 3894 rei·

280 3925 433 4015 publicae
449 3926 566 4013 juncta
587 3930 782 4017 antiquitus,
804 3929 966 4019 hodieque
985 3928 1113 3998 Vestris
1133 3929 1286 4005 laudibus
1307 3954 1395 3999 oom-
1495 3930 1498 3941 '

280 4030 466 4118 modisque,
488 4039 654 4120 tamquam
675 4032 743 4096 suis
764 4032 839 4119 ipsa
862 4032 958 4098 bonit
982 4042 1014 4098 et
1036 4033 1208 4100 decoribus
1229 4032 1395 4106 humanis·

282 4134 363 4201 sime
383 4132 531 4199 laetatur.
568 4132 731 4222 Equidem
753 4132 856 4199 Vobis
877 4134 1019 4201 invicem
1036 4136 1194 4224 polliceor
1215 4144 1394 4225 sermoque

280 4235 444 4323 promitto,
465 4258 527 4319 me,
545 4245 704 4325 quantum
724 4237 760 4301 in
772 4258 825 4301 me
841 4244 900 4321 eet,
923 4239 1121 4325 effectuum,
1142 4238 1396 4327 utrequetides

281 4360 356 4405 mea
381 4360 443 4406 noc
472 4348 639 4405 strenuum
667 4339 859 4407 Venturum
884 4359 995 4407 rerum
1016 4341 1163 4416 studium
1181 4360 1339 4431 umquam
1357 4344 1394 4407 in

280 4462 333 4507 me
354 4440 535 4509 desiderari
555 4442 669 4530 possit.
