<?xml version="1.0" encoding="UTF-8"?>
<!DOCTYPE html PUBLIC "-//W3C//DTD XHTML 1.0 Transitional//EN"
    "http://www.w3.org/TR/xhtml1/DTD/xhtml1-transitional.dtd">
<html xmlns="http://www.w3.org/1999/xhtml" xml:lang="en" lang="en">
 <head>
  <title>
</title>
<meta http-equiv="Content-Type" content="text/html;charset=utf-8" />
  <meta name='ocr-system' content='tesseract 3.04.00' />
  <meta name='ocr-capabilities' content='ocr_page ocr_carea ocr_par ocr_line ocrx_word'/>
</head>
<body>
  <div class='ocr_page' id='page_1' title='image "./opusculaselecta00creugoog_0083.png"; bbox 0 0 3167 5192; ppageno 0'>
   <div class='ocr_carea' id='block_1_1' title="bbox 1221 469 1269 562">
    <p class='ocr_par' dir='ltr' id='par_1_1' title="bbox 1221 469 1269 562">
     <span class='ocr_line' id='line_1_1' title="bbox 1221 469 1269 562; baseline 0 0"><span class='ocrx_word' id='word_1_1' title='bbox 1221 469 1269 562; x_wconf 64' lang='lat' dir='ltr'><strong>a?</strong></span> 
     </span>
    </p>
   </div>
   <div class='ocr_carea' id='block_1_2' title="bbox 138 631 1299 2863">
    <p class='ocr_par' dir='ltr' id='par_1_2' title="bbox 139 631 1269 750">
     <span class='ocr_line' id='line_1_2' title="bbox 139 631 1269 750; baseline -0.003 -47"><span class='ocrx_word' id='word_1_2' title='bbox 139 655 292 704; x_wconf 76' lang='lat' dir='ltr'><strong>scnmrn</strong></span> <span class='ocrx_word' id='word_1_3' title='bbox 302 633 342 707; x_wconf 79' lang='lat' dir='ltr'><strong>iu</strong></span> <span class='ocrx_word' id='word_1_4' title='bbox 357 631 480 710; x_wconf 61' lang='lat' dir='ltr'><strong>illudit</strong></span> <span class='ocrx_word' id='word_1_5' title='bbox 501 633 679 750; x_wconf 80' lang='lat' dir='ltr'><strong>expositae</strong></span> <span class='ocrx_word' id='word_1_6' title='bbox 701 631 790 701; x_wconf 85' lang='lat' dir='ltr'><strong>Hinc</strong></span> <span class='ocrx_word' id='word_1_7' title='bbox 806 631 970 711; x_wconf 80' lang='lat' dir='ltr'><strong>Hercules</strong></span> <span class='ocrx_word' id='word_1_8' title='bbox 986 632 1168 725; x_wconf 65' lang='lat' dir='ltr'><strong>Baetim·</strong></span> <span class='ocrx_word' id='word_1_9' title='bbox 1181 636 1269 717; x_wconf 76' lang='lat' dir='ltr'><strong>idem</strong></span> 
     </span>
    </p>

    <p class='ocr_par' dir='ltr' id='par_1_3' title="bbox 138 732 1299 2863">
     <span class='ocr_line' id='line_1_3' title="bbox 138 732 1268 828; baseline 0.002 -26"><span class='ocrx_word' id='word_1_10' title='bbox 138 736 279 822; x_wconf 70' lang='lat' dir='ltr'><strong>exstifit</strong></span> <span class='ocrx_word' id='word_1_11' title='bbox 306 732 503 822; x_wconf 65' lang='grc' dir='ltr'><em>βουφάγος,</em></span> <span class='ocrx_word' id='word_1_12' title='bbox 531 735 602 803; x_wconf 87' lang='lat' dir='ltr'><strong>sive</strong></span> <span class='ocrx_word' id='word_1_13' title='bbox 629 737 818 820; x_wconf 70' lang='lat' dir='ltr'><strong>dwtotvac</strong></span> <span class='ocrx_word' id='word_1_14' title='bbox 840 737 1073 828; x_wconf 64' lang='grc' dir='ltr'>(βουθοίιιιι),</span> <span class='ocrx_word' id='word_1_15' title='bbox 1099 737 1195 820; x_wconf 87' lang='lat' dir='ltr'><strong>hinc</strong></span> <span class='ocrx_word' id='word_1_16' title='bbox 1191 760 1268 826; x_wconf 82' lang='lat' dir='ltr'><strong>pro</strong></span> 
     </span>
     <span class='ocr_line' id='line_1_4' title="bbox 139 813 1268 930; baseline 0.002 -26"><span class='ocrx_word' id='word_1_17' title='bbox 139 813 304 914; x_wconf 80' lang='lat' dir='ltr'><strong>verbinm</strong></span> <span class='ocrx_word' id='word_1_18' title='bbox 325 838 369 904; x_wconf 86' lang='lat' dir='ltr'><strong>ad</strong></span> <span class='ocrx_word' id='word_1_19' title='bbox 389 837 568 924; x_wconf 75' lang='lat' dir='ltr'><strong>Heracleon</strong></span> <span class='ocrx_word' id='word_1_20' title='bbox 589 833 796 925; x_wconf 62' lang='lat' dir='ltr'><strong>aotvpipov</strong></span> <span class='ocrx_word' id='word_1_21' title='bbox 815 837 1053 926; x_wconf 81' lang='lat' dir='ltr'><strong>notandnm*).</strong></span> <span class='ocrx_word' id='word_1_22' title='bbox 1087 837 1268 930; x_wconf 79' lang='lat' dir='ltr'><strong>Utramque</strong></span> 
     </span>
     <span class='ocr_line' id='line_1_5' title="bbox 140 938 1268 1032; baseline 0.004 -26"><span class='ocrx_word' id='word_1_23' title='bbox 140 940 299 1006; x_wconf 80' lang='lat' dir='ltr'><strong>tabulam</strong></span> <span class='ocrx_word' id='word_1_24' title='bbox 322 947 356 1004; x_wconf 89' lang='lat' dir='ltr'><strong>et</strong></span> <span class='ocrx_word' id='word_1_25' title='bbox 371 938 564 1008; x_wconf 79' lang='lat' dir='ltr'><strong>Thessalam</strong></span> <span class='ocrx_word' id='word_1_26' title='bbox 586 948 620 1007; x_wconf 88' lang='lat' dir='ltr'><strong>et</strong></span> <span class='ocrx_word' id='word_1_27' title='bbox 636 939 841 1008; x_wconf 85' lang='lat' dir='ltr'><strong>Rhodiaoam</strong></span> <span class='ocrx_word' id='word_1_28' title='bbox 860 939 1005 1009; x_wconf 88' lang='lat' dir='ltr'><strong>brevitor</strong></span> <span class='ocrx_word' id='word_1_29' title='bbox 1023 941 1125 1018; x_wconf 78' lang='lat' dir='ltr'><strong>refert</strong></span> <span class='ocrx_word' id='word_1_30' title='bbox 1135 943 1268 1032; x_wconf 87' lang='lat' dir='ltr'><strong>Apollo.-</strong></span> 
     </span>
     <span class='ocr_line' id='line_1_6' title="bbox 141 1039 1269 1133; baseline -0.002 -23"><span class='ocrx_word' id='word_1_31' title='bbox 141 1043 276 1128; x_wconf 82' lang='lat' dir='ltr'><strong>dorus,</strong></span> <span class='ocrx_word' id='word_1_32' title='bbox 299 1042 386 1121; x_wconf 78' lang='lat' dir='ltr'><strong>hane</strong></span> <span class='ocrx_word' id='word_1_33' title='bbox 416 1040 527 1128; x_wconf 70' lang='lat' dir='ltr'><strong>copiop</strong></span> <span class='ocrx_word' id='word_1_34' title='bbox 511 1039 579 1127; x_wconf 71' lang='lat' dir='ltr'><strong>sius</strong></span> <span class='ocrx_word' id='word_1_35' title='bbox 600 1039 810 1126; x_wconf 68' lang='lat' dir='ltr'><strong>Lacmnnns3</strong></span> <span class='ocrx_word' id='word_1_36' title='bbox 842 1063 974 1108; x_wconf 88' lang='lat' dir='ltr'><strong>scenam</strong></span> <span class='ocrx_word' id='word_1_37' title='bbox 995 1043 1030 1106; x_wconf 92' lang='lat' dir='ltr'><strong>in</strong></span> <span class='ocrx_word' id='word_1_38' title='bbox 1051 1042 1163 1110; x_wconf 89' lang='lat' dir='ltr'><strong>tabula</strong></span> <span class='ocrx_word' id='word_1_39' title='bbox 1177 1045 1269 1133; x_wconf 86' lang='lat' dir='ltr'><strong>picta</strong></span> 
     </span>
     <span class='ocr_line' id='line_1_7' title="bbox 140 1139 1268 1247; baseline 0.002 -39"><span class='ocrx_word' id='word_1_40' title='bbox 140 1142 334 1213; x_wconf 71' lang='lat' dir='ltr'>exhibitam</span> <span class='ocrx_word' id='word_1_41' title='bbox 355 1139 621 1247; x_wconf 77' lang='lat' dir='ltr'><strong>eloquentissime</strong></span> <span class='ocrx_word' id='word_1_42' title='bbox 637 1141 857 1213; x_wconf 64' lang='lat' dir='ltr'><strong>Philostratus</strong></span> <span class='ocrx_word' id='word_1_43' title='bbox 878 1143 1058 1227; x_wconf 77' lang='lat' dir='ltr'><strong>senior**).</strong></span> <span class='ocrx_word' id='word_1_44' title='bbox 1093 1145 1175 1219; x_wconf 84' lang='lat' dir='ltr'><strong>Rern</strong></span> <span class='ocrx_word' id='word_1_45' title='bbox 1195 1167 1268 1211; x_wconf 89' lang='lat' dir='ltr'><strong>nar-</strong></span> 
     </span>
     <span class='ocr_line' id='line_1_8' title="bbox 140 1236 1267 1335; baseline 0.001 -23"><span class='ocrx_word' id='word_1_46' title='bbox 140 1245 227 1312; x_wconf 87' lang='lat' dir='ltr'><strong>rabo</strong></span> <span class='ocrx_word' id='word_1_47' title='bbox 260 1243 374 1312; x_wconf 84' lang='lat' dir='ltr'><strong>verbis</strong></span> <span class='ocrx_word' id='word_1_48' title='bbox 398 1236 580 1326; x_wconf 89' lang='lat' dir='ltr'><strong>Lactantii,</strong></span> <span class='ocrx_word' id='word_1_49' title='bbox 609 1265 696 1312; x_wconf 86' lang='lat' dir='ltr'><strong>cum</strong></span> <span class='ocrx_word' id='word_1_50' title='bbox 693 1247 783 1332; x_wconf 85' lang='lat' dir='ltr'><strong>quia</strong></span> <span class='ocrx_word' id='word_1_51' title='bbox 805 1245 893 1327; x_wconf 83' lang='lat' dir='ltr'><strong>bunc</strong></span> <span class='ocrx_word' id='word_1_52' title='bbox 913 1248 1103 1335; x_wconf 68' lang='lat' dir='ltr'><strong>scriptorem</strong></span> <span class='ocrx_word' id='word_1_53' title='bbox 1125 1268 1191 1313; x_wconf 89' lang='lat' dir='ltr'><strong>non</strong></span> <span class='ocrx_word' id='word_1_54' title='bbox 1212 1245 1267 1313; x_wconf 86' lang='lat' dir='ltr'><strong>ad-</strong></span> 
     </span>
     <span class='ocr_line' id='line_1_9' title="bbox 140 1345 1267 1438; baseline -0.001 -25"><span class='ocrx_word' id='word_1_55' title='bbox 140 1346 373 1416; x_wconf 87' lang='lat' dir='ltr'><strong>hibuernnt&#39;</strong></span> <span class='ocrx_word' id='word_1_56' title='bbox 351 1370 375 1410; x_wconf 91' lang='lat'><strong>11</strong></span> <span class='ocrx_word' id='word_1_57' title='bbox 381 1393 391 1428; x_wconf 94' lang='lat'><strong>,</strong></span> <span class='ocrx_word' id='word_1_58' title='bbox 414 1366 495 1435; x_wconf 75' lang='lat' dir='ltr'><strong>quos</strong></span> <span class='ocrx_word' id='word_1_59' title='bbox 517 1345 615 1414; x_wconf 80' lang='lat' dir='ltr'><strong>morlo</strong></span> <span class='ocrx_word' id='word_1_60' title='bbox 638 1346 752 1429; x_wconf 79' lang='lat' dir='ltr'><strong>citavi,</strong></span> <span class='ocrx_word' id='word_1_61' title='bbox 775 1347 1072 1438; x_wconf 84' lang='lat' dir='ltr'><strong>interpretes,tum</strong></span> <span class='ocrx_word' id='word_1_62' title='bbox 1093 1346 1170 1436; x_wconf 88' lang='lat' dir='ltr'><strong>quia</strong></span> <span class='ocrx_word' id='word_1_63' title='bbox 1192 1347 1267 1412; x_wconf 74' lang='lat' dir='ltr'><strong>&#39;litl-</strong></span> 
     </span>
     <span class='ocr_line' id='line_1_10' title="bbox 141 1445 1269 1537; baseline 0 -23"><span class='ocrx_word' id='word_1_64' title='bbox 141 1451 260 1518; x_wconf 77' lang='lat' dir='ltr'><strong>lionae</strong></span> <span class='ocrx_word' id='word_1_65' title='bbox 283 1448 467 1534; x_wconf 79' lang='lat' dir='ltr'><strong>elegantiae</strong></span> <span class='ocrx_word' id='word_1_66' title='bbox 488 1445 684 1514; x_wconf 86' lang='lat' dir='ltr'><strong>imitatorem</strong></span> <span class='ocrx_word' id='word_1_67' title='bbox 703 1455 855 1534; x_wconf 77' lang='lat' dir='ltr'><strong>arguunt.</strong></span> <span class='ocrx_word' id='word_1_68' title='bbox 883 1448 1004 1537; x_wconf 74' lang='lat' dir='ltr'><strong>,apud</strong></span> <span class='ocrx_word' id='word_1_69' title='bbox 1013 1448 1165 1531; x_wconf 86' lang='lat' dir='ltr'><strong>Lindum,</strong></span> <span class='ocrx_word' id='word_1_70' title='bbox 1182 1448 1269 1535; x_wconf 88' lang='lat' dir='ltr'><strong>quod</strong></span> 
     </span>
     <span class='ocr_line' id='line_1_11' title="bbox 143 1547 1268 1643; baseline -0.002 -27"><span class='ocrx_word' id='word_1_71' title='bbox 143 1562 197 1616; x_wconf 87' lang='lat' dir='ltr'><strong>est</strong></span> <span class='ocrx_word' id='word_1_72' title='bbox 221 1549 383 1640; x_wconf 90' lang='lat' dir='ltr'><strong>oppidum</strong></span> <span class='ocrx_word' id='word_1_73' title='bbox 403 1547 530 1632; x_wconf 85' lang='lat' dir='ltr'><strong>Rhodi,</strong></span> <span class='ocrx_word' id='word_1_74' title='bbox 549 1547 703 1625; x_wconf 86' lang='lat' dir='ltr'><strong>Herculis</strong></span> <span class='ocrx_word' id='word_1_75' title='bbox 725 1571 820 1617; x_wconf 86' lang='lat' dir='ltr'><strong>sacra</strong></span> <span class='ocrx_word' id='word_1_76' title='bbox 842 1560 932 1635; x_wconf 84' lang='lat' dir='ltr'><strong>sunt,</strong></span> <span class='ocrx_word' id='word_1_77' title='bbox 952 1572 1138 1643; x_wconf 78' lang='lat' dir='ltr'><strong>quornm</strong></span> <span class='ocrx_word' id='word_1_78' title='bbox 1109 1571 1130 1612; x_wconf 91' lang='lat' dir='ltr'><strong>a</strong></span> <span class='ocrx_word' id='word_1_79' title='bbox 1150 1551 1268 1615; x_wconf 87' lang='lat' dir='ltr'><strong>ceteris</strong></span> 
     </span>
     <span class='ocr_line' id='line_1_12' title="bbox 143 1646 1268 1740; baseline -0.002 -22"><span class='ocrx_word' id='word_1_80' title='bbox 143 1653 252 1740; x_wconf 80' lang='lat' dir='ltr'><strong>longe</strong></span> <span class='ocrx_word' id='word_1_81' title='bbox 275 1651 429 1721; x_wconf 81' lang='lat' dir='ltr'><strong>diversus</strong></span> <span class='ocrx_word' id='word_1_82' title='bbox 451 1659 501 1716; x_wconf 86' lang='lat' dir='ltr'><strong>est</strong></span> <span class='ocrx_word' id='word_1_83' title='bbox 522 1651 621 1734; x_wconf 80' lang='lat' dir='ltr'><strong>ritus3</strong></span> <span class='ocrx_word' id='word_1_84' title='bbox 640 1651 804 1740; x_wconf 76' lang='lat' dir='ltr'><strong>siquidem</strong></span> <span class='ocrx_word' id='word_1_85' title='bbox 821 1674 891 1732; x_wconf 81' lang='lat' dir='ltr'><strong>pon</strong></span> <span class='ocrx_word' id='word_1_86' title='bbox 912 1646 1060 1740; x_wconf 63' lang='grc' dir='ltr'><strong>εὐφημίᾳ</strong></span> <span class='ocrx_word' id='word_1_87' title='bbox 1082 1658 1132 1739; x_wconf 76' lang='lat' dir='ltr'><strong>(ut</strong></span> <span class='ocrx_word' id='word_1_88' title='bbox 1149 1652 1268 1718; x_wconf 82' lang='lat' dir='ltr'><strong>Graeci</strong></span> 
     </span>
     <span class='ocr_line' id='line_1_13' title="bbox 144 1752 1299 1847; baseline 0 -28"><span class='ocrx_word' id='word_1_89' title='bbox 144 1752 336 1842; x_wconf 77' lang='lat' dir='ltr'><strong>adpellant)</strong></span> <span class='ocrx_word' id='word_1_90' title='bbox 358 1753 416 1821; x_wconf 92' lang='lat' dir='ltr'><strong>sed</strong></span> <span class='ocrx_word' id='word_1_91' title='bbox 436 1752 634 1831; x_wconf 85' lang='lat' dir='ltr'><strong>maledictis</strong></span> <span class='ocrx_word' id='word_1_92' title='bbox 635 1762 668 1818; x_wconf 91' lang='lat' dir='ltr'><strong>et</strong></span> <span class='ocrx_word' id='word_1_93' title='bbox 682 1755 907 1835; x_wconf 74' lang='lat' dir='ltr'><strong>exsecratione</strong></span> <span class='ocrx_word' id='word_1_94' title='bbox 922 1753 1144 1847; x_wconf 87' lang='lat' dir='ltr'><strong>celebrantur.</strong></span> <span class='ocrx_word' id='word_1_95' title='bbox 1167 1777 1269 1841; x_wconf 89' lang='lat' dir='ltr'><strong>eaque</strong></span> <span class='ocrx_word' id='word_1_96' title='bbox 1292 1755 1299 1762; x_wconf 84' lang='grc'><em>“</em></span> 
     </span>
     <span class='ocr_line' id='line_1_14' title="bbox 145 1851 1269 1943; baseline 0.002 -23"><span class='ocrx_word' id='word_1_97' title='bbox 145 1878 208 1942; x_wconf 91' lang='lat' dir='ltr'><strong>pro</strong></span> <span class='ocrx_word' id='word_1_98' title='bbox 233 1851 368 1933; x_wconf 80' lang='lat' dir='ltr'><strong>violatis</strong></span> <span class='ocrx_word' id='word_1_99' title='bbox 389 1855 526 1940; x_wconf 83' lang='lat' dir='ltr'><strong>babent,</strong></span> <span class='ocrx_word' id='word_1_100' title='bbox 547 1856 575 1920; x_wconf 90' lang='lat' dir='ltr'><strong>si</strong></span> <span class='ocrx_word' id='word_1_101' title='bbox 598 1856 727 1943; x_wconf 84' lang='lat' dir='ltr'><strong>quando</strong></span> <span class='ocrx_word' id='word_1_102' title='bbox 749 1857 1015 1940; x_wconf 76' lang='lat' dir='ltr'><strong>intercolumnas</strong></span> <span class='ocrx_word' id='word_1_103' title='bbox 1033 1857 1114 1923; x_wconf 88' lang='lat' dir='ltr'><strong>ritus</strong></span> <span class='ocrx_word' id='word_1_104' title='bbox 1136 1857 1221 1922; x_wconf 82' lang='lat' dir='ltr'><strong>vel</strong></span> <span class='ocrx_word' id='word_1_105' title='bbox 1211 1880 1269 1922; x_wconf 87' lang='lat' dir='ltr'><strong>rm-</strong></span> 
     </span>
     <span class='ocr_line' id='line_1_15' title="bbox 145 1948 1270 2046; baseline 0 -24"><span class='ocrx_word' id='word_1_106' title='bbox 145 1957 310 2044; x_wconf 87' lang='lat' dir='ltr'><strong>prudenti</strong></span> <span class='ocrx_word' id='word_1_107' title='bbox 336 1955 437 2029; x_wconf 85' lang='lat' dir='ltr'><strong>alieui</strong></span> <span class='ocrx_word' id='word_1_108' title='bbox 465 1957 625 2025; x_wconf 84' lang='lat' dir='ltr'><strong>exciderit</strong></span> <span class='ocrx_word' id='word_1_109' title='bbox 652 1948 943 2026; x_wconf 80' lang='lat' dir='ltr'><strong>bonum&#39;verbum.</strong></span> <span class='ocrx_word' id='word_1_110' title='bbox 990 1958 1093 2046; x_wconf 83' lang='lat' dir='ltr'><strong>Cujus</strong></span> <span class='ocrx_word' id='word_1_111' title='bbox 1119 1959 1169 2022; x_wconf 93' lang='lat' dir='ltr'><strong>rei</strong></span> <span class='ocrx_word' id='word_1_112' title='bbox 1188 1957 1270 2024; x_wconf 89' lang='lat' dir='ltr'><strong>haee</strong></span> 
     </span>
     <span class='ocr_line' id='line_1_16' title="bbox 147 2051 1268 2148; baseline -0.001 -23"><span class='ocrx_word' id='word_1_113' title='bbox 147 2061 236 2126; x_wconf 86' lang='lat' dir='ltr'><strong>ratio</strong></span> <span class='ocrx_word' id='word_1_114' title='bbox 258 2057 417 2148; x_wconf 75' lang='lat' dir='ltr'><strong>reddibit,</strong></span> <span class='ocrx_word' id='word_1_115' title='bbox 438 2060 467 2134; x_wconf 78' lang='lat' dir='ltr'><strong>si</strong></span> <span class='ocrx_word' id='word_1_116' title='bbox 488 2068 599 2128; x_wconf 89' lang='lat' dir='ltr'><strong>tamen</strong></span> <span class='ocrx_word' id='word_1_117' title='bbox 620 2058 689 2126; x_wconf 90' lang='lat' dir='ltr'><strong>ulla</strong></span> <span class='ocrx_word' id='word_1_118' title='bbox 709 2083 782 2128; x_wconf 85' lang='lat' dir='ltr'><strong>esse</strong></span> <span class='ocrx_word' id='word_1_119' title='bbox 802 2063 887 2126; x_wconf 88' lang='lat' dir='ltr'><strong>ratio</strong></span> <span class='ocrx_word' id='word_1_120' title='bbox 908 2061 944 2128; x_wconf 91' lang='lat' dir='ltr'><strong>in</strong></span> <span class='ocrx_word' id='word_1_121' title='bbox 964 2060 1064 2127; x_wconf 90' lang='lat' dir='ltr'><strong>rebus</strong></span> <span class='ocrx_word' id='word_1_122' title='bbox 1080 2051 1268 2124; x_wconf 73' lang='lat' dir='ltr'><strong>vanissimis</strong></span> 
     </span>
     <span class='ocr_line' id='line_1_17' title="bbox 147 2154 1269 2252; baseline -0.002 -24"><span class='ocrx_word' id='word_1_123' title='bbox 147 2169 288 2252; x_wconf 76' lang='lat' dir='ltr'><strong>potest.¹</strong></span> <span class='ocrx_word' id='word_1_124' title='bbox 305 2160 477 2245; x_wconf 78' lang='lat' dir='ltr'><strong>Hercules,</strong></span> <span class='ocrx_word' id='word_1_125' title='bbox 499 2183 598 2248; x_wconf 88' lang='lat' dir='ltr'><strong>quum</strong></span> <span class='ocrx_word' id='word_1_126' title='bbox 620 2183 658 2228; x_wconf 89' lang='lat' dir='ltr'><strong>eo</strong></span> <span class='ocrx_word' id='word_1_127' title='bbox 677 2161 804 2228; x_wconf 87' lang='lat' dir='ltr'><strong>delatus</strong></span> <span class='ocrx_word' id='word_1_128' title='bbox 827 2171 923 2250; x_wconf 82' lang='lat' dir='ltr'><strong>esset,</strong></span> <span class='ocrx_word' id='word_1_129' title='bbox 942 2154 1125 2251; x_wconf 75' lang='lat' dir='ltr'><strong>&#39;famemque</strong></span> <span class='ocrx_word' id='word_1_130' title='bbox 1144 2169 1269 2248; x_wconf 89' lang='lat' dir='ltr'><strong>patere-</strong></span> 
     </span>
     <span class='ocr_line' id='line_1_18' title="bbox 149 2263 1269 2357; baseline -0.003 -27"><span class='ocrx_word' id='word_1_131' title='bbox 149 2275 223 2350; x_wconf 88' lang='lat' dir='ltr'><strong>tur,</strong></span> <span class='ocrx_word' id='word_1_132' title='bbox 258 2271 433 2357; x_wconf 75' lang='lat' dir='ltr'><strong>aratorem,</strong></span> <span class='ocrx_word' id='word_1_133' title='bbox 455 2264 619 2352; x_wconf 85' lang='lat' dir='ltr'><strong>quendam</strong></span> <span class='ocrx_word' id='word_1_134' title='bbox 652 2266 826 2352; x_wconf 72' lang='lat' dir='ltr'><strong>conspexit</strong></span> <span class='ocrx_word' id='word_1_135' title='bbox 857 2273 1061 2354; x_wconf 85' lang='lat' dir='ltr'><strong>operantem,</strong></span> <span class='ocrx_word' id='word_1_136' title='bbox 1092 2263 1134 2330; x_wconf 91' lang='lat' dir='ltr'><strong>ab</strong></span> <span class='ocrx_word' id='word_1_137' title='bbox 1166 2285 1269 2351; x_wconf 89' lang='lat' dir='ltr'><strong>eoque</strong></span> 
     </span>
     <span class='ocr_line' id='line_1_19' title="bbox 148 2363 1270 2454; baseline -0.003 -22"><span class='ocrx_word' id='word_1_138' title='bbox 148 2376 266 2454; x_wconf 88' lang='lat' dir='ltr'><strong>petere</strong></span> <span class='ocrx_word' id='word_1_139' title='bbox 294 2365 421 2454; x_wconf 89' lang='lat' dir='ltr'><strong>coepit,</strong></span> <span class='ocrx_word' id='word_1_140' title='bbox 446 2375 481 2438; x_wconf 84' lang='lat' dir='ltr'><strong>ut</strong></span> <span class='ocrx_word' id='word_1_141' title='bbox 508 2363 573 2433; x_wconf 88' lang='lat' dir='ltr'><strong>sibi</strong></span> <span class='ocrx_word' id='word_1_142' title='bbox 599 2387 699 2435; x_wconf 88' lang='lat' dir='ltr'><strong>unum</strong></span> <span class='ocrx_word' id='word_1_143' title='bbox 725 2365 847 2435; x_wconf 89' lang='lat' dir='ltr'><strong>bovem</strong></span> <span class='ocrx_word' id='word_1_144' title='bbox 874 2366 1043 2448; x_wconf 78' lang='lat' dir='ltr'><strong>uenderet.</strong></span> <span class='ocrx_word' id='word_1_145' title='bbox 1067 2366 1270 2446; x_wconf 64' lang='lat' dir='ltr'><strong>„Enimvero</strong></span> 
     </span>
     <span class='ocr_line' id='line_1_20' title="bbox 150 2465 1270 2557; baseline -0.002 -21"><span class='ocrx_word' id='word_1_146' title='bbox 150 2469 209 2536; x_wconf 91' lang='lat' dir='ltr'><strong>ille</strong></span> <span class='ocrx_word' id='word_1_147' title='bbox 233 2467 371 2554; x_wconf 80' lang='lat' dir='ltr'><strong>negauit</strong></span> <span class='ocrx_word' id='word_1_148' title='bbox 391 2465 463 2532; x_wconf 92' lang='lat' dir='ltr'><strong>fieri</strong></span> <span class='ocrx_word' id='word_1_149' title='bbox 483 2488 596 2554; x_wconf 89' lang='lat' dir='ltr'><strong>posse,</strong></span> <span class='ocrx_word' id='word_1_150' title='bbox 626 2469 704 2556; x_wconf 82' lang='lat' dir='ltr'><strong>quia</strong></span> <span class='ocrx_word' id='word_1_151' title='bbox 723 2491 880 2556; x_wconf 71' lang='lat' dir='ltr'><strong>spessua</strong></span> <span class='ocrx_word' id='word_1_152' title='bbox 902 2470 1006 2557; x_wconf 82' lang='lat' dir='ltr'><strong>omnis</strong></span> <span class='ocrx_word' id='word_1_153' title='bbox 1027 2469 1185 2536; x_wconf 88' lang='lat' dir='ltr'><strong>colendae</strong></span> <span class='ocrx_word' id='word_1_154' title='bbox 1206 2476 1270 2534; x_wconf 90' lang='lat' dir='ltr'><strong>ter-</strong></span> 
     </span>
     <span class='ocr_line' id='line_1_21' title="bbox 150 2567 1270 2660; baseline 0 -24"><span class='ocrx_word' id='word_1_155' title='bbox 150 2595 210 2638; x_wconf 86' lang='lat' dir='ltr'><strong>rae</strong></span> <span class='ocrx_word' id='word_1_156' title='bbox 247 2568 376 2637; x_wconf 87' lang='lat' dir='ltr'><strong>duobus</strong></span> <span class='ocrx_word' id='word_1_157' title='bbox 402 2567 470 2635; x_wconf 90' lang='lat' dir='ltr'><strong>illis</strong></span> <span class='ocrx_word' id='word_1_158' title='bbox 491 2568 646 2654; x_wconf 79' lang='lat' dir='ltr'><strong>juvencis</strong></span> <span class='ocrx_word' id='word_1_159' title='bbox 672 2571 842 2652; x_wconf 83' lang='lat' dir='ltr'><strong>niteretur.</strong></span> <span class='ocrx_word' id='word_1_160' title='bbox 889 2570 1052 2660; x_wconf 81' lang='lat' dir='ltr'><strong>Hercules</strong></span> <span class='ocrx_word' id='word_1_161' title='bbox 1081 2571 1178 2638; x_wconf 88' lang='lat' dir='ltr'><strong>solita</strong></span> <span class='ocrx_word' id='word_1_162' title='bbox 1202 2572 1270 2636; x_wconf 84' lang='lat' dir='ltr'><strong>vio·</strong></span> 
     </span>
     <span class='ocr_line' id='line_1_22' title="bbox 151 2671 1269 2763; baseline -0.002 -25"><span class='ocrx_word' id='word_1_163' title='bbox 151 2673 258 2739; x_wconf 88' lang='lat' dir='ltr'><strong>lentia</strong></span> <span class='ocrx_word' id='word_1_164' title='bbox 268 2692 359 2754; x_wconf 89' lang='lat' dir='ltr'><strong>usus,</strong></span> <span class='ocrx_word' id='word_1_165' title='bbox 377 2671 454 2760; x_wconf 89' lang='lat' dir='ltr'><strong>qnia</strong></span> <span class='ocrx_word' id='word_1_166' title='bbox 465 2692 566 2745; x_wconf 89' lang='lat' dir='ltr'><strong>unum</strong></span> <span class='ocrx_word' id='word_1_167' title='bbox 577 2673 724 2760; x_wconf 88' lang='lat' dir='ltr'><strong>accipere</strong></span> <span class='ocrx_word' id='word_1_168' title='bbox 735 2695 802 2738; x_wconf 92' lang='lat' dir='ltr'><strong>non</strong></span> <span class='ocrx_word' id='word_1_169' title='bbox 812 2673 927 2762; x_wconf 87' lang='lat' dir='ltr'><strong>potuit,</strong></span> <span class='ocrx_word' id='word_1_170' title='bbox 937 2680 1118 2763; x_wconf 77' lang='lat' dir='ltr'><strong>¹utrumque</strong></span> <span class='ocrx_word' id='word_1_171' title='bbox 1128 2671 1269 2740; x_wconf 89' lang='lat' dir='ltr'><strong>sustulit.</strong></span> 
     </span>
     <span class='ocr_line' id='line_1_23' title="bbox 151 2771 1270 2863; baseline 0.001 -23"><span class='ocrx_word' id='word_1_172' title='bbox 151 2777 198 2840; x_wconf 88' lang='lat' dir='ltr'><strong>At</strong></span> <span class='ocrx_word' id='word_1_173' title='bbox 222 2773 280 2840; x_wconf 92' lang='lat' dir='ltr'><strong>ille</strong></span> <span class='ocrx_word' id='word_1_174' title='bbox 294 2771 421 2863; x_wconf 39' lang='lat' dir='ltr'><strong>,infelix</strong></span> <span class='ocrx_word' id='word_1_175' title='bbox 445 2794 549 2862; x_wconf 19' lang='lat' dir='ltr'><strong>quum,</strong></span> <span class='ocrx_word' id='word_1_176' title='bbox 566 2771 668 2842; x_wconf 84' lang='lat' dir='ltr'><strong>boves</strong></span> <span class='ocrx_word' id='word_1_177' title='bbox 693 2775 928 2857; x_wconf 81' lang='lat' dir='ltr'><strong>snosrnactari</strong></span> <span class='ocrx_word' id='word_1_178' title='bbox 951 2775 1094 2860; x_wconf 81' lang='lat' dir='ltr'><strong>videret,</strong></span> <span class='ocrx_word' id='word_1_179' title='bbox 1117 2775 1270 2862; x_wconf 85' lang='lat' dir='ltr'><strong>injuriam</strong></span> 
     </span>
    </p>
   </div>
   <div class='ocr_carea' id='block_1_3' title="bbox 153 2871 1479 2968">
    <p class='ocr_par' dir='ltr' id='par_1_4' title="bbox 153 2871 1479 2968">
     <span class='ocr_line' id='line_1_24' title="bbox 153 2871 1479 2968; baseline -0.004 -24"><span class='ocrx_word' id='word_1_180' title='bbox 153 2899 253 2944; x_wconf 88' lang='lat' dir='ltr'><strong>suam</strong></span> <span class='ocrx_word' id='word_1_181' title='bbox 271 2871 455 2944; x_wconf 85' lang='lat' dir='ltr'><strong>maledictis</strong></span> <span class='ocrx_word' id='word_1_182' title='bbox 473 2874 561 2940; x_wconf 88' lang='lat' dir='ltr'><strong>ultus</strong></span> <span class='ocrx_word' id='word_1_183' title='bbox 585 2885 649 2962; x_wconf 88' lang='lat' dir='ltr'><strong>est,</strong></span> <span class='ocrx_word' id='word_1_184' title='bbox 676 2879 765 2968; x_wconf 89' lang='lat' dir='ltr'><strong>quod</strong></span> <span class='ocrx_word' id='word_1_185' title='bbox 784 2879 908 2949; x_wconf 90' lang='lat' dir='ltr'><strong>homini</strong></span> <span class='ocrx_word' id='word_1_186' title='bbox 927 2877 1071 2966; x_wconf 82' lang='lat' dir='ltr'><strong>eleganti</strong></span> <span class='ocrx_word' id='word_1_187' title='bbox 1091 2885 1123 2944; x_wconf 89' lang='lat' dir='ltr'><strong>et</strong></span> <span class='ocrx_word' id='word_1_188' title='bbox 1144 2875 1270 2947; x_wconf 89' lang='lat' dir='ltr'><strong>urbano</strong></span> <span class='ocrx_word' id='word_1_189' title='bbox 1380 2921 1384 2926; x_wconf 83' lang='grc'>-</span> <span class='ocrx_word' id='word_1_190' title='bbox 1473 2884 1479 2896; x_wconf 82' lang='grc'><em>“</em></span> 
     </span>
    </p>
   </div>
   <div class='ocr_carea' id='block_1_4' title="bbox 153 2977 1272 3492">
    <p class='ocr_par' dir='ltr' id='par_1_5' title="bbox 153 2977 1272 3480">
     <span class='ocr_line' id='line_1_25' title="bbox 153 2977 1272 3069; baseline -0.002 -25"><span class='ocrx_word' id='word_1_191' title='bbox 153 2978 382 3066; x_wconf 80' lang='lat' dir='ltr'><strong>gratissimum</strong></span> <span class='ocrx_word' id='word_1_192' title='bbox 403 2977 475 3043; x_wconf 84' lang='lat' dir='ltr'><strong>fuit.</strong></span> <span class='ocrx_word' id='word_1_193' title='bbox 509 2977 594 3044; x_wconf 86' lang='lat' dir='ltr'><strong>Nam</strong></span> <span class='ocrx_word' id='word_1_194' title='bbox 616 2979 697 3047; x_wconf 83' lang='lat' dir='ltr'><strong>dum</strong></span> <span class='ocrx_word' id='word_1_195' title='bbox 714 2981 888 3058; x_wconf 73' lang='lat' dir='ltr'><strong>comitibus</strong></span> <span class='ocrx_word' id='word_1_196' title='bbox 909 2980 977 3045; x_wconf 85' lang='lat' dir='ltr'><strong>suris</strong></span> <span class='ocrx_word' id='word_1_197' title='bbox 999 2978 1113 3069; x_wconf 84' lang='lat' dir='ltr'><strong>epulas</strong></span> <span class='ocrx_word' id='word_1_198' title='bbox 1135 2978 1272 3066; x_wconf 89' lang='lat' dir='ltr'><strong>adparat</strong></span> 
     </span>
     <span class='ocr_line' id='line_1_26' title="bbox 154 3059 1271 3168; baseline -0.005 -20"><span class='ocrx_word' id='word_1_199' title='bbox 154 3083 301 3168; x_wconf 88' lang='lat' dir='ltr'><strong>dumque</strong></span> <span class='ocrx_word' id='word_1_200' title='bbox 321 3079 446 3145; x_wconf 89' lang='lat' dir='ltr'><strong>alienos</strong></span> <span class='ocrx_word' id='word_1_201' title='bbox 464 3079 566 3146; x_wconf 86' lang='lat' dir='ltr'><strong>boves</strong></span> <span class='ocrx_word' id='word_1_202' title='bbox 589 3059 744 3168; x_wconf 88' lang='lat' dir='ltr'><strong>devorat,</strong></span> <span class='ocrx_word' id='word_1_203' title='bbox 776 3082 870 3151; x_wconf 88' lang='lat' dir='ltr'><strong>illum</strong></span> <span class='ocrx_word' id='word_1_204' title='bbox 887 3081 951 3151; x_wconf 88' lang='lat' dir='ltr'><strong>sibi</strong></span> <span class='ocrx_word' id='word_1_205' title='bbox 971 3079 1173 3151; x_wconf 80' lang='lat' dir='ltr'><strong>amarissime</strong></span> <span class='ocrx_word' id='word_1_206' title='bbox 1196 3099 1271 3143; x_wconf 74' lang='lat' dir='ltr'><strong>com</strong></span> 
     </span>
     <span class='ocr_line' id='line_1_27' title="bbox 154 3181 1271 3299; baseline -0.002 -50"><span class='ocrx_word' id='word_1_207' title='bbox 154 3183 336 3250; x_wconf 88' lang='lat' dir='ltr'><strong>viciantem</strong></span> <span class='ocrx_word' id='word_1_208' title='bbox 364 3203 438 3246; x_wconf 93' lang='lat' dir='ltr'><strong>cum</strong></span> <span class='ocrx_word' id='word_1_209' title='bbox 460 3183 530 3248; x_wconf 91' lang='lat' dir='ltr'><strong>risu</strong></span> <span class='ocrx_word' id='word_1_210' title='bbox 558 3187 592 3251; x_wconf 83' lang='lat' dir='ltr'><strong>et‘</strong></span> <span class='ocrx_word' id='word_1_211' title='bbox 615 3184 783 3262; x_wconf 81' lang='lat' dir='ltr'><strong>cachinnis</strong></span> <span class='ocrx_word' id='word_1_212' title='bbox 807 3183 970 3250; x_wconf 86' lang='lat' dir='ltr'><strong>audiebat.</strong></span> <span class='ocrx_word' id='word_1_213' title='bbox 1015 3181 1081 3271; x_wconf 85' lang='lat' dir='ltr'><strong>Sed</strong></span> <span class='ocrx_word' id='word_1_214' title='bbox 1089 3189 1271 3299; x_wconf 86' lang='lat' dir='ltr'><strong>postquam</strong></span> 
     </span>
     <span class='ocr_line' id='line_1_28' title="bbox 154 3256 1272 3389; baseline -0.004 -35"><span class='ocrx_word' id='word_1_215' title='bbox 154 3283 297 3354; x_wconf 88' lang='lat' dir='ltr'><strong>Herculi</strong></span> <span class='ocrx_word' id='word_1_216' title='bbox 323 3282 454 3350; x_wconf 86' lang='lat' dir='ltr'><strong>divinos</strong></span> <span class='ocrx_word' id='word_1_217' title='bbox 479 3283 619 3383; x_wconf 82' lang='lat' dir='ltr'><strong>honores</strong></span> <span class='ocrx_word' id='word_1_218' title='bbox 649 3285 690 3353; x_wconf 95' lang='lat' dir='ltr'><strong>ob</strong></span> <span class='ocrx_word' id='word_1_219' title='bbox 717 3285 968 3389; x_wconf 85' lang='lat' dir='ltr'><strong>admirationem</strong></span> <span class='ocrx_word' id='word_1_220' title='bbox 990 3256 1127 3370; x_wconf 79' lang='lat' dir='ltr'><strong>virtutis</strong></span> <span class='ocrx_word' id='word_1_221' title='bbox 1150 3282 1272 3350; x_wconf 89' lang='lat' dir='ltr'><strong>d&#39;eferri</strong></span> 
     </span>
     <span class='ocr_line' id='line_1_29' title="bbox 153 3380 1272 3492; baseline -0.004 -37"><span class='ocrx_word' id='word_1_222' title='bbox 153 3388 295 3480; x_wconf 87' lang='lat' dir='ltr'><strong>placuit,</strong></span> <span class='ocrx_word' id='word_1_223' title='bbox 315 3407 336 3452; x_wconf 90' lang='lat' dir='ltr'><strong>a</strong></span> <span class='ocrx_word' id='word_1_224' title='bbox 357 3385 532 3454; x_wconf 79' lang='lat' dir='ltr'><strong>ombus</strong></span> <span class='ocrx_word' id='word_1_225' title='bbox 504 3411 534 3454; x_wconf 84' lang='lat' dir='ltr'><strong>er</strong></span> <span class='ocrx_word' id='word_1_226' title='bbox 552 3410 615 3492; x_wconf 84' lang='lat' dir='ltr'><strong>ara</strong></span> <span class='ocrx_word' id='word_1_227' title='bbox 617 3389 772 3482; x_wconf 88' lang='lat' dir='ltr'><strong>posita</strong></span> <span class='ocrx_word' id='word_1_228' title='bbox 765 3394 815 3487; x_wconf 81' lang='lat' dir='ltr'><strong>est</strong></span> <span class='ocrx_word' id='word_1_229' title='bbox 820 3437 837 3492; x_wconf 89' lang='lat'><strong>,</strong></span> <span class='ocrx_word' id='word_1_230' title='bbox 857 3411 954 3480; x_wconf 87' lang='lat' dir='ltr'><strong>qnam</strong></span> <span class='ocrx_word' id='word_1_231' title='bbox 957 3380 1018 3454; x_wconf 89' lang='lat' dir='ltr'><strong>de</strong></span> <span class='ocrx_word' id='word_1_232' title='bbox 1039 3387 1128 3453; x_wconf 88' lang='lat' dir='ltr'><strong>facto</strong></span> <span class='ocrx_word' id='word_1_233' title='bbox 1147 3382 1272 3473; x_wconf 74' lang='grc' dir='ltr'><em>βούζυ-</em></span> 
     </span>
    </p>
   </div>
   <div class='ocr_carea' id='block_1_5' title="bbox 157 3585 1275 4508">
    <p class='ocr_par' dir='ltr' id='par_1_6' title="bbox 157 3585 1273 3896">
     <span class='ocr_line' id='line_1_30' title="bbox 226 3585 1273 3721; baseline 0.003 -21"><span class='ocrx_word' id='word_1_234' title='bbox 226 3651 254 3718; x_wconf 86' lang='grc'><strong>*)</strong></span> <span class='ocrx_word' id='word_1_235' title='bbox 273 3585 415 3717; x_wconf 68' lang='lat' dir='ltr'><strong>detilp‘p</strong></span> <span class='ocrx_word' id='word_1_236' title='bbox 440 3647 584 3714; x_wconf 67' lang='grc' dir='ltr'>ξειιῒεται·</span> <span class='ocrx_word' id='word_1_237' title='bbox 610 3586 658 3704; x_wconf 69' lang='lat' dir='ltr'><strong>dari</strong></span> <span class='ocrx_word' id='word_1_238' title='bbox 680 3595 737 3704; x_wconf 68' lang='lat' dir='ltr'><strong>rar</strong></span> <span class='ocrx_word' id='word_1_239' title='bbox 761 3609 975 3721; x_wconf 74' lang='lat' dir='ltr'><strong>dpudoao&#39;utor.</strong></span> <span class='ocrx_word' id='word_1_240' title='bbox 1010 3651 1142 3719; x_wconf 53' lang='lat' dir='ltr'><strong>Ausonium</strong></span> <span class='ocrx_word' id='word_1_241' title='bbox 1160 3602 1190 3707; x_wconf 84' lang='lat' dir='ltr'><strong>in</strong></span> <span class='ocrx_word' id='word_1_242' title='bbox 1208 3652 1273 3704; x_wconf 87' lang='lat' dir='ltr'><strong>Vio-</strong></span> 
     </span>
     <span class='ocr_line' id='line_1_31' title="bbox 157 3739 1272 3817; baseline -0.001 -25"><span class='ocrx_word' id='word_1_243' title='bbox 157 3741 215 3792; x_wconf 87' lang='lat' dir='ltr'><strong>loto</strong></span> <span class='ocrx_word' id='word_1_244' title='bbox 234 3756 262 3807; x_wconf 88' lang='lat' dir='ltr'><strong>p.</strong></span> <span class='ocrx_word' id='word_1_245' title='bbox 275 3739 337 3792; x_wconf 80' lang='grc'><strong>278.</strong></span> <span class='ocrx_word' id='word_1_246' title='bbox 352 3797 356 3805; x_wconf 6' lang='grc' dir='ltr'><strong>,ἵ</strong></span> <span class='ocrx_word' id='word_1_247' title='bbox 373 3739 484 3817; x_wconf 69' lang='lat' dir='ltr'><strong>Walaii,</strong></span> <span class='ocrx_word' id='word_1_248' title='bbox 503 3739 581 3806; x_wconf 88' lang='lat' dir='ltr'><strong>cujus</strong></span> <span class='ocrx_word' id='word_1_249' title='bbox 600 3746 693 3799; x_wconf 83' lang='lat' dir='ltr'><strong>notam</strong></span> <span class='ocrx_word' id='word_1_250' title='bbox 711 3740 849 3792; x_wconf 88' lang='lat' dir='ltr'><strong>consulito</strong></span> <span class='ocrx_word' id='word_1_251' title='bbox 862 3744 891 3803; x_wconf 79' lang='lat' dir='ltr'><strong>et</strong></span> <span class='ocrx_word' id='word_1_252' title='bbox 906 3739 1058 3793; x_wconf 71' lang='lat' dir='ltr'><strong>cainaeos</strong></span> <span class='ocrx_word' id='word_1_253' title='bbox 1075 3739 1112 3813; x_wconf 77' lang='lat' dir='ltr'><strong>ad</strong></span> <span class='ocrx_word' id='word_1_254' title='bbox 1125 3739 1272 3814; x_wconf 68' lang='lat' dir='ltr'><strong>Antholog.</strong></span> 
     </span>
     <span class='ocr_line' id='line_1_32' title="bbox 158 3823 1030 3896; baseline -0.001 -17"><span class='ocrx_word' id='word_1_255' title='bbox 158 3844 202 3896; x_wconf 78' lang='lat' dir='ltr'><strong>gr.</strong></span> <span class='ocrx_word' id='word_1_256' title='bbox 234 3827 313 3879; x_wconf 85' lang='lat' dir='ltr'><strong>Tem.</strong></span> <span class='ocrx_word' id='word_1_257' title='bbox 332 3823 396 3878; x_wconf 86' lang='lat' dir='ltr'><strong>XII.</strong></span> <span class='ocrx_word' id='word_1_258' title='bbox 414 3843 442 3892; x_wconf 88' lang='lat' dir='ltr'><strong>p.</strong></span> <span class='ocrx_word' id='word_1_259' title='bbox 459 3825 503 3878; x_wconf 89' lang='grc'><strong>41.</strong></span> <span class='ocrx_word' id='word_1_260' title='bbox 523 3832 550 3878; x_wconf 92' lang='lat' dir='ltr'><strong>et</strong></span> <span class='ocrx_word' id='word_1_261' title='bbox 567 3827 603 3878; x_wconf 89' lang='lat' dir='ltr'><strong>ad</strong></span> <span class='ocrx_word' id='word_1_262' title='bbox 620 3827 781 3880; x_wconf 87' lang='lat' dir='ltr'><strong>Philostrati</strong></span> <span class='ocrx_word' id='word_1_263' title='bbox 799 3827 905 3894; x_wconf 80' lang='lat' dir='ltr'><strong>Imagg.</strong></span> <span class='ocrx_word' id='word_1_264' title='bbox 922 3844 950 3893; x_wconf 88' lang='lat' dir='ltr'><strong>p.</strong></span> <span class='ocrx_word' id='word_1_265' title='bbox 969 3827 1030 3880; x_wconf 81' lang='grc'><strong>534.</strong></span> 
     </span>
    </p>

    <p class='ocr_par' dir='ltr' id='par_1_7' title="bbox 161 3912 1275 4508">
     <span class='ocr_line' id='line_1_33' title="bbox 232 3912 1273 3981; baseline -0.002 -15"><span class='ocrx_word' id='word_1_266' title='bbox 232 3913 276 3981; x_wconf 81' lang='grc'><strong>**)</strong></span> <span class='ocrx_word' id='word_1_267' title='bbox 296 3912 453 3979; x_wconf 80' lang='lat' dir='ltr'><strong>Apollodor.</strong></span> <span class='ocrx_word' id='word_1_268' title='bbox 466 3913 505 3964; x_wconf 94' lang='lat' dir='ltr'><strong>II.</strong></span> <span class='ocrx_word' id='word_1_269' title='bbox 520 3915 546 3967; x_wconf 84' lang='lat'><strong>5.</strong></span> <span class='ocrx_word' id='word_1_270' title='bbox 560 3914 602 3966; x_wconf 87' lang='grc'><strong>10.</strong></span> <span class='ocrx_word' id='word_1_271' title='bbox 621 3917 669 3968; x_wconf 90' lang='lat' dir='ltr'><strong>ubi</strong></span> <span class='ocrx_word' id='word_1_272' title='bbox 685 3915 741 3968; x_wconf 78' lang='lat' dir='ltr'><strong>rid.</strong></span> <span class='ocrx_word' id='word_1_273' title='bbox 759 3916 893 3966; x_wconf 71' lang='lat' dir='ltr'><strong>Observa.</strong></span> <span class='ocrx_word' id='word_1_274' title='bbox 904 3914 1006 3980; x_wconf 86' lang='lat' dir='ltr'><strong>Heynii</strong></span> <span class='ocrx_word' id='word_1_275' title='bbox 1022 3930 1050 3980; x_wconf 93' lang='lat' dir='ltr'><strong>p.</strong></span> <span class='ocrx_word' id='word_1_276' title='bbox 1062 3916 1123 3968; x_wconf 76' lang='lat'><strong>172.</strong></span> <span class='ocrx_word' id='word_1_277' title='bbox 1138 3914 1180 3966; x_wconf 87' lang='lat' dir='ltr'><strong>ed.</strong></span> <span class='ocrx_word' id='word_1_278' title='bbox 1194 3913 1273 3965; x_wconf 84' lang='lat' dir='ltr'><strong>altor.</strong></span> 
     </span>
     <span class='ocr_line' id='line_1_34' title="bbox 161 4001 1275 4078; baseline -0.004 -22"><span class='ocrx_word' id='word_1_279' title='bbox 161 4007 190 4056; x_wconf 90' lang='lat' dir='ltr'><strong>ct</strong></span> <span class='ocrx_word' id='word_1_280' title='bbox 214 4001 253 4054; x_wconf 86' lang='grc' dir='ltr'><strong>Π.</strong></span> <span class='ocrx_word' id='word_1_281' title='bbox 274 4001 300 4054; x_wconf 84' lang='grc'><strong>7.</strong></span> <span class='ocrx_word' id='word_1_282' title='bbox 319 4002 345 4054; x_wconf 82' lang='grc'><strong>7.</strong></span> <span class='ocrx_word' id='word_1_283' title='bbox 375 4005 402 4052; x_wconf 87' lang='lat' dir='ltr'><strong>et</strong></span> <span class='ocrx_word' id='word_1_284' title='bbox 422 4001 525 4068; x_wconf 76' lang='lat' dir='ltr'><strong>Haynii</strong></span> <span class='ocrx_word' id='word_1_285' title='bbox 548 4001 630 4078; x_wconf 80' lang='lat' dir='ltr'><strong>ths.</strong></span> <span class='ocrx_word' id='word_1_286' title='bbox 656 4020 683 4070; x_wconf 90' lang='lat' dir='ltr'><strong>p.</strong></span> <span class='ocrx_word' id='word_1_287' title='bbox 703 4001 761 4054; x_wconf 87' lang='grc'><strong>193.</strong></span> <span class='ocrx_word' id='word_1_288' title='bbox 798 4003 841 4053; x_wconf 89' lang='lat' dir='ltr'><strong>Dc</strong></span> <span class='ocrx_word' id='word_1_289' title='bbox 862 4001 1060 4054; x_wconf 86' lang='lat' dir='ltr'><strong>Thiodamanta</strong></span> <span class='ocrx_word' id='word_1_290' title='bbox 1083 4001 1175 4070; x_wconf 87' lang='lat' dir='ltr'><strong>paullo</strong></span> <span class='ocrx_word' id='word_1_291' title='bbox 1194 4001 1275 4052; x_wconf 89' lang='lat' dir='ltr'><strong>aliter</strong></span> 
     </span>
     <span class='ocr_line' id='line_1_35' title="bbox 161 4085 1272 4160; baseline 0 -20"><span class='ocrx_word' id='word_1_292' title='bbox 161 4094 260 4160; x_wconf 45' lang='lat' dir='ltr'><strong>amat,</strong></span> <span class='ocrx_word' id='word_1_293' title='bbox 273 4085 443 4158; x_wconf 74' lang='lat' dir='ltr'><strong>audoeiap,</strong></span> <span class='ocrx_word' id='word_1_294' title='bbox 454 4088 517 4150; x_wconf 81' lang='lat'><strong>209.</strong></span> <span class='ocrx_word' id='word_1_295' title='bbox 535 4093 562 4143; x_wconf 86' lang='lat' dir='ltr'><strong>ct</strong></span> <span class='ocrx_word' id='word_1_296' title='bbox 578 4105 607 4156; x_wconf 87' lang='lat' dir='ltr'><strong>p.</strong></span> <span class='ocrx_word' id='word_1_297' title='bbox 626 4090 687 4160; x_wconf 79' lang='lat'><strong>211,</strong></span> <span class='ocrx_word' id='word_1_298' title='bbox 704 4119 741 4130; x_wconf 94' lang='lat'><em>-</em></span> <span class='ocrx_word' id='word_1_299' title='bbox 757 4090 921 4142; x_wconf 87' lang='lat' dir='ltr'><strong>Lactantius</strong></span> <span class='ocrx_word' id='word_1_300' title='bbox 939 4090 1043 4142; x_wconf 80' lang='lat' dir='ltr'><strong>divion.</strong></span> <span class='ocrx_word' id='word_1_301' title='bbox 1062 4089 1168 4141; x_wconf 84' lang='lat' dir='ltr'><strong>Institt.</strong></span> <span class='ocrx_word' id='word_1_302' title='bbox 1189 4088 1212 4139; x_wconf 94' lang='lat'><strong>1.</strong></span> <span class='ocrx_word' id='word_1_303' title='bbox 1228 4089 1272 4140; x_wconf 83' lang='lat'><strong>21.</strong></span> 
     </span>
     <span class='ocr_line' id='line_1_36' title="bbox 161 4173 1275 4246; baseline -0.003 -17"><span class='ocrx_word' id='word_1_304' title='bbox 161 4194 189 4244; x_wconf 90' lang='lat' dir='ltr'><strong>p.</strong></span> <span class='ocrx_word' id='word_1_305' title='bbox 209 4177 260 4229; x_wconf 89' lang='grc'><strong>145</strong></span> <span class='ocrx_word' id='word_1_306' title='bbox 279 4192 320 4244; x_wconf 89' lang='lat' dir='ltr'><strong>sq.</strong></span> <span class='ocrx_word' id='word_1_307' title='bbox 345 4176 387 4232; x_wconf 87' lang='lat' dir='ltr'><strong>ad.</strong></span> <span class='ocrx_word' id='word_1_308' title='bbox 410 4179 594 4232; x_wconf 87' lang='lat' dir='ltr'><strong>Buenemann.</strong></span> <span class='ocrx_word' id='word_1_309' title='bbox 629 4177 786 4232; x_wconf 86' lang='lat' dir='ltr'><strong>Philostrat.</strong></span> <span class='ocrx_word' id='word_1_310' title='bbox 810 4193 868 4229; x_wconf 87' lang='lat' dir='ltr'><strong>sen.</strong></span> <span class='ocrx_word' id='word_1_311' title='bbox 894 4177 999 4246; x_wconf 75' lang='lat' dir='ltr'><strong>lmcgg.</strong></span> <span class='ocrx_word' id='word_1_312' title='bbox 1023 4180 1053 4228; x_wconf 94' lang='lat' dir='ltr'><strong>in</strong></span> <span class='ocrx_word' id='word_1_313' title='bbox 1075 4173 1275 4229; x_wconf 83' lang='lat' dir='ltr'><strong>Thiodamanta</strong></span> 
     </span>
     <span class='ocr_line' id='line_1_37' title="bbox 162 4261 1274 4334; baseline -0.004 -18"><span class='ocrx_word' id='word_1_314' title='bbox 162 4265 209 4316; x_wconf 92' lang='lat' dir='ltr'><strong>lib.</strong></span> <span class='ocrx_word' id='word_1_315' title='bbox 232 4263 272 4316; x_wconf 90' lang='lat'><strong>11.</strong></span> <span class='ocrx_word' id='word_1_316' title='bbox 299 4279 360 4332; x_wconf 79' lang='lat' dir='ltr'><strong>cap.</strong></span> <span class='ocrx_word' id='word_1_317' title='bbox 378 4267 420 4322; x_wconf 80' lang='grc'><strong>24,</strong></span> <span class='ocrx_word' id='word_1_318' title='bbox 443 4265 526 4332; x_wconf 74' lang='lat' dir='ltr'><strong>p-,92</strong></span> <span class='ocrx_word' id='word_1_319' title='bbox 543 4281 585 4334; x_wconf 80' lang='lat' dir='ltr'><strong>sq.</strong></span> <span class='ocrx_word' id='word_1_320' title='bbox 602 4266 653 4331; x_wconf 74' lang='lat' dir='ltr'><strong>ed,</strong></span> <span class='ocrx_word' id='word_1_321' title='bbox 675 4265 786 4318; x_wconf 83' lang='lat' dir='ltr'><strong>Jacobs.</strong></span> <span class='ocrx_word' id='word_1_322' title='bbox 823 4265 967 4329; x_wconf 73' lang='lat' dir='ltr'><strong>Rhodiaca</strong></span> <span class='ocrx_word' id='word_1_323' title='bbox 987 4264 1081 4316; x_wconf 83' lang='lat' dir='ltr'><strong>fabula</strong></span> <span class='ocrx_word' id='word_1_324' title='bbox 1101 4262 1221 4328; x_wconf 88' lang='lat' dir='ltr'><strong>pertinet</strong></span> <span class='ocrx_word' id='word_1_325' title='bbox 1238 4261 1274 4312; x_wconf 83' lang='lat' dir='ltr'><strong>od</strong></span> 
     </span>
     <span class='ocr_line' id='line_1_38' title="bbox 163 4335 1275 4427; baseline 0 -23"><span class='ocrx_word' id='word_1_326' title='bbox 163 4355 289 4406; x_wconf 82' lang='lat' dir='ltr'><strong>Herculis</strong></span> <span class='ocrx_word' id='word_1_327' title='bbox 311 4354 462 4427; x_wconf 73' lang='lat' dir='ltr'><strong>religiones,</strong></span> <span class='ocrx_word' id='word_1_328' title='bbox 476 4351 555 4421; x_wconf 79' lang='lat' dir='ltr'><strong>¹apud</strong></span> <span class='ocrx_word' id='word_1_329' title='bbox 576 4353 690 4409; x_wconf 84' lang='lat' dir='ltr'><strong>Lindius</strong></span> <span class='ocrx_word' id='word_1_330' title='bbox 717 4335 847 4404; x_wconf 81' lang='lat' dir='ltr'><strong>usitatas:</strong></span> <span class='ocrx_word' id='word_1_331' title='bbox 874 4354 930 4410; x_wconf 83' lang='lat' dir='ltr'><strong>uid.</strong></span> <span class='ocrx_word' id='word_1_332' title='bbox 955 4351 1070 4404; x_wconf 79' lang='lat' dir='ltr'><strong>Heffteri</strong></span> <span class='ocrx_word' id='word_1_333' title='bbox 1092 4347 1215 4426; x_wconf 78' lang='lat' dir='ltr'><strong>Disqnis.</strong></span> <span class='ocrx_word' id='word_1_334' title='bbox 1241 4349 1275 4405; x_wconf 87' lang='lat' dir='ltr'><strong>de</strong></span> 
     </span>
     <span class='ocr_line' id='line_1_39' title="bbox 165 4441 824 4508; baseline -0.012 -8"><span class='ocrx_word' id='word_1_335' title='bbox 165 4445 282 4502; x_wconf 84' lang='lat' dir='ltr'><strong>cultibus</strong></span> <span class='ocrx_word' id='word_1_336' title='bbox 301 4443 413 4500; x_wconf 83' lang='lat' dir='ltr'><strong>deorum</strong></span> <span class='ocrx_word' id='word_1_337' title='bbox 428 4445 457 4499; x_wconf 88' lang='lat' dir='ltr'><strong>in</strong></span> <span class='ocrx_word' id='word_1_338' title='bbox 473 4442 563 4498; x_wconf 83' lang='lat' dir='ltr'><strong>insula</strong></span> <span class='ocrx_word' id='word_1_339' title='bbox 581 4441 676 4498; x_wconf 87' lang='lat' dir='ltr'><strong>Rhodo</strong></span> <span class='ocrx_word' id='word_1_340' title='bbox 693 4441 717 4493; x_wconf 93' lang='lat'><strong>1.</strong></span> <span class='ocrx_word' id='word_1_341' title='bbox 735 4457 764 4508; x_wconf 81' lang='lat' dir='ltr'><strong>p.</strong></span> <span class='ocrx_word' id='word_1_342' title='bbox 780 4443 824 4492; x_wconf 82' lang='lat'><strong>24.</strong></span> 
     </span>
    </p>
   </div>
   <div class='ocr_carea' id='block_1_6' title="bbox 0 0 1610 5192">
    <p class='ocr_par' dir='ltr' id='par_1_8' title="bbox 0 0 1610 5192">
     <span class='ocr_line' id='line_1_40' title="bbox 0 0 1610 5192; baseline 0 0"><span class='ocrx_word' id='word_1_343' title='bbox 0 0 1610 5192; x_wconf 95' lang='lat' dir='ltr'><strong> </strong></span> 
     </span>
    </p>
   </div>
  </div>
 </body>
</html>
