3167 5192
337 471 397 571 ¹³5⁴

336 637 445 702 minus
467 646 564 720 quam
586 633 627 701 dc
648 635 804 700 mutando
822 635 894 700 loeo
910 635 1055 720 cogitare
1074 635 1253 719 rideretur,
1273 657 1350 701 ecee
1364 657 1450 700 anuo

338 751 585 809 cmmccnxm.
607 735 747 823 jubente
773 735 989 813 serenissimo
1016 758 1055 804 ao
1081 736 1313 802 Potentissimo
1340 735 1449 802 Laud.

259 829 263 836 ¹
337 840 469 929 gravio,
501 837 613 904 oblata
640 846 692 904 est
723 839 755 902 ei
780 838 1029 924 Marburgensis
1055 837 1224 922 cathedra,
1255 837 1450 904 vacuefacta

339 944 493 1011 Galeam
524 938 625 1005 obitu.
670 938 743 1021 Quo
770 942 885 1006 nuntio
907 941 1071 1007 fatebatur
1093 963 1165 1006 sese
1187 940 1449 1028 obstupefactum

277 1047 281 1056 '
337 1047 380 1113 ab
401 1045 504 1127 initio,
523 1064 630 1130 neque
651 1051 761 1117 tamen
781 1043 840 1109 diu
861 1045 1037 1132 ancipitem
1057 1043 1204 1109 haesisse
1229 1043 1309 1130 quin
1324 1043 1392 1108 huo
1408 1043 1450 1107 ad

337 1172 397 1216 nos
428 1145 631 1214 concederet.
675 1144 791 1234 Itaque
821 1147 972 1232 proximo
1005 1167 1091 1212 anno
1124 1145 1206 1232 Maji
1240 1147 1364 1212 mensis
1397 1145 1450 1211 die

337 1269 435 1319 xxvr.
454 1246 657 1314 introductus
678 1256 728 1312 est
742 1252 953 1328 Historiarum,
975 1231 1169 1327 Eloquentiae
1189 1259 1218 1314 ot
1230 1253 1355 1314 Poo‘oeos
1374 1253 1448 1314 Pro·

335 1361 435 1437 ferror
457 1355 651 1429 ordinarius,
672 1334 828 1435 adjuncta
854 1349 1052 1434 Consiliarii,
1074 1371 1170 1436 quem
1191 1357 1319 1432 vocant,
1342 1349 1450 1434 digni-

337 1467 415 1526 tate.
459 1452 527 1520 Sub
554 1451 643 1516 idem
670 1459 798 1540 tempus
826 1453 958 1540 scripsit
978 1453 1243 1518 commentarios:
1273 1457 1318 1518 De
1335 1454 1450 1516 Senatu

338 1567 475 1628 Romano
493 1566 560 1638 porr
586 1567 721 1635 tempora
747 1575 868 1620 eversae
891 1541 1074 1636 reipublicae
1094 1557 1138 1618 od
1159 1563 1290 1620 nostrum
1312 1565 1448 1632 acroam,

339 1661 428 1752 quod
446 1655 634 1726 incredibili
654 1656 767 1722 labore
789 1665 981 1742 congestum
1002 1658 1101 1743 inque
1121 1653 1184 1720 hoc
1205 1655 1374 1722 literarum
1394 1678 1449 1740 ge·

256 1774 260 1782 '
338 1787 417 1830 nere
447 1760 644 1851 primarium¹
665 1780 748 1846 opus
773 1759 916 1846 primum
944 1759 1050 1824 Halae
1077 1757 1248 1844 vulgatum
1277 1765 1337 1822 est.
1383 1755 1449 1822 Ex·

338 1874 450 1956 pertus
480 1870 531 1928 est
558 1861 614 1926 hic
643 1860 727 1927 liber
758 1861 959 1947 singularem
982 1881 1116 1949 prorsus
1139 1859 1320 1941 fortunam,
1351 1879 1449 1944 quem

339 1970 425 2034 enim
445 1966 627 2031 Kuorzns
649 1963 772 2028 hedera
791 1985 851 2028 sua
872 1963 1021 2050 indigere
1036 1961 1222 2045 arbitratus,
1243 1957 1448 2048 praefatione

338 2076 528 2152 ornaverat,
549 2065 621 2132 solo
641 2065 776 2132 librario
798 2074 950 2151 rogante,
969 2087 1075 2152 neque
1095 2062 1226 2128 volente
1245 2083 1352 2150 neque
1375 2083 1448 2126 con-

336 2175 405 2240 scio
431 2158 582 2253 auctore,
616 2168 674 2234 ifle
700 2167 817 2233 eodem
843 2166 947 2232 invito
976 2168 1126 2254 proximo
1154 2185 1240 2260 anno
1269 2164 1390 2228 iterum
1415 2165 1449 2228 ia

336 2277 443 2342 lucem
460 2271 591 2361 prodiit,
612 2271 768 2336 Geretae
788 2269 878 2357 typis
894 2269 1062 2354 repetitus.
1092 2267 1211 2356 ,Neque
1225 2275 1344 2348 tamem
1362 2266 1449 2353 quod

337 2379 470 2443 minime
491 2381 710 2460 exspectares,
732 2371 821 2437 idem
841 2369 906 2453 ille,
929 2370 987 2458 qui
1009 2371 1100 2458 operi
1118 2368 1321 2436 laudatorem
1342 2391 1379 2434 se
1395 2367 1447 2434 ob

337 2485 488 2560 turserat,
510 2476 546 2540 in
566 2474 731 2539 nonnullis
748 2495 816 2539 non
836 2493 1004 2538 censorem
1024 2474 1101 2559 egit,
1123 2493 1207 2560 quae
1228 2469 1356 2538 leviora
1375 2469 1449 2534 licet

337 2581 415 2647 libri
445 2578 542 2644 bonis
571 2575 659 2640 haud
687 2575 857 2641 officerent
883 2572 1023 2640 hominis
1052 2583 1161 2640 tamen
1190 2573 1359 2642 levitatem
1392 2576 1448 2656 (an

270 2670 273 2685 '
337 2680 572 2770 impudentiam
591 2676 735 2764 dicaml)
756 2678 837 2742 satis
855 2684 1007 2762 arguunt.
1349 2685 1352 2693 ’

345 2800 352 2821 ’
422 2782 497 2848 Hoe
517 2780 649 2868 quidem
661 2799 760 2865 opere
775 2778 895 2844 Noster
909 2778 1099 2864 diligentem
1114 2799 1150 2844 se
1166 2782 1341 2846 tharim
1356 2799 1447 2865 prae-

336 2888 478 2954 stiterat:
503 2889 636 2950 Poeticae
659 2880 839 2947 tradendae
860 2881 1026 2967 specimen
1048 2878 1184 2946 dederat
1205 2901 1302 2946 verso
1322 2881 1448 2948 Aristo-

335 2991 417 3075 tele,
445 2987 488 3059 de
509 3008 573 3074 quo
590 3005 690 3072 supra
710 2983 910 3066 monuimus3
943 2991 1012 3048 tum
1033 3003 1112 3050 vero
1134 2979 1230 3049 editis
1251 2993 1447 3054 commenta

334 3091 480 3159 tionibus
503 3089 641 3171 criticis,
671 3085 846 3152 vernacule
867 3086 1014 3173 scriptis,
1042 3105 1125 3172 quae
1152 3099 1348 3152 clamem.
1377 3109 1448 3175 pro.

300 3213 305 3223 ’
336 3194 468 3259 diorum
487 3211 563 3255 cum
581 3186 851 3255 Germanicorum
872 3185 1064 3252 Poenarum
1085 3183 1252 3252 fasciculo.

249 3286 253 3303 ¹
420 3290 506 3356 Nam
534 3297 568 3354 et
593 3288 714 3356 Poesiu
738 3287 894 3372 attigerat
921 3285 1104 3372 aliquoties.
1159 3285 1241 3353 Erat
1272 3289 1363 3352 enim
1393 3287 1446 3354 illo

335 3406 481 3481 tempore
507 3413 596 3457 nova
622 3390 789 3478 quaedam,
806 3388 1003 3458 Germaniae
1021 3389 1057 3454 in
1078 3388 1129 3454 his
1148 3387 1274 3454 artibus
1294 3389 1445 3472 felicitas,
1489 3415 1490 3422 ¹

219 3500 222 3507 '
336 3497 582 3582 uberrimusque
611 3492 818 3577 ingeniorum
844 3498 1038 3577 proventum
1066 3512 1171 3578 neque
1200 3491 1301 3574 igitur
1328 3495 1445 3560 miran-
1489 3571 1490 3578 ἵ

336 3598 423 3681 dum,
444 3618 518 3660 eum
536 3616 664 3683 quoque
680 3595 737 3680 qui
756 3591 800 3658 ad
818 3593 902 3658 hano
917 3600 1019 3659 artem
1034 3594 1140 3658 minus
1156 3601 1253 3663 natus
1269 3593 1446 3678 videretur,

336 3700 474 3765 eandem
496 3721 533 3764 eo
555 3708 700 3785 tempore
718 3705 855 3780 tentare,
878 3716 941 3784 quo
956 3694 1148 3782 pullulantis
1162 3695 1361 3764 vernaculae
1374 3707 1446 3786 pod-

337 3824 410 3869 seos
435 3821 596 3887 nusquam
620 3823 687 3864 non
713 3799 904 3886 proveniret
931 3796 1109 3864 laetissima
1133 3819 1239 3883 seges.
1290 3797 1446 3888 Cumque,

336 3925 420 3994 quae
441 3912 520 3968 tunc
537 3902 800 3989 procudebantur
822 3901 977 3989 pleraque
999 3900 1043 3966 ad
1061 3899 1293 3972 Phidiaoomn
1316 3911 1446 3971 nostrae

336 4007 452 4074 aetatis
476 4027 611 4092 operum
636 4005 870 4093 praestantiam
890 4012 1009 4072 exorta
1024 4004 1172 4090 jaeeant,
1206 4013 1317 4072 manet
1338 4013 1445 4076 tamea

338 4111 404 4176 illis
419 4131 548 4198 quoque
564 4130 624 4172 sua
639 4108 798 4196 quaedam
812 4108 966 4194 dignitas,
980 4129 1058 4172 suus
1073 4107 1160 4196 apud
1172 4117 1322 4195 posteros
1333 4107 1443 4182 honor.

334 4210 421 4278 llam
432 4213 519 4277 sicut
528 4212 563 4275 in
574 4231 735 4276 marmore
746 4210 934 4276 inchoabant
944 4211 1062 4278 artifici
1072 4232 1139 4279 non
1154 4211 1307 4279 continuo
1320 4213 1443 4299 perfici-

325 4323 389 4379 ·tur
409 4317 548 4400 signum,
571 4314 658 4403 quod
672 4313 839 4378 hominum
852 4335 910 4378 ora
922 4314 1080 4398 advertat,
1102 4313 1189 4404 quod
1204 4313 1443 4405 pulchritudine

304 4484 310 4502 ,
334 4441 393 4490 aua
409 4417 547 4512 placeat,
569 4419 628 4491 sed
645 4428 802 4511 perpetuo
824 4416 954 4487 admoto
978 4417 1068 4487 caelo
1083 4439 1163 4512 opus
1180 4427 1244 4506 est,
1260 4428 1292 4486 st
1304 4420 1441 4510 pertina-
