3167 5192
1216 507 1279 576 tat

151 695 223 760 que
256 675 370 739 nostro
402 673 445 739 ad
471 673 618 738 nostrum
650 671 788 736 Paulum
818 671 1014 740 Maliacum.
1046 675 1281 762 agunto-ree

148 777 346 860 Hieremiae,
375 775 493 865 quibus
520 774 752 864 promovendis
779 775 947 841 institutae
975 787 1051 844 aunt
1078 782 1277 849 academiae.

149 879 330 946 Literator
348 881 484 945 Vestras
512 899 590 966 opes
620 879 758 965 expetit,
786 898 864 965 opes
887 877 1035 946 dilaudat
1051 886 1206 950 nostratis
1227 885 1275 951 bi·

148 981 380 1064 bliothecarii,
402 982 456 1046 cui
476 979 664 1070 illepaullo
683 988 758 1066 post
778 980 955 1066 adjunctus
977 982 1104 1069 collega
1122 985 1280 1073 idemque

150 1086 361 1174 conjunctus
382 1086 506 1150 amiens
524 1083 598 1148 aliis
622 1083 844 1148 literatoribuc
870 1105 932 1171 ope
954 1107 1014 1150 aua
1036 1087 1153 1152 mirum
1176 1109 1276 1176 quan·

148 1197 232 1254 tum
259 1189 395 1276 profuit.
440 1187 569 1253 Profuit
595 1194 703 1252 autem
730 1195 869 1274 uterque
898 1187 1129 1274 expromeudis
1159 1189 1276 1276 opibus

149 1291 384 1358 bibliothecae
412 1299 560 1374 nostrae,
595 1311 707 1378 quam,
737 1309 802 1378 quo
826 1308 928 1374 anno,
958 1291 1186 1357 Guilielmo
1207 1293 1277 1359 Se-

151 1396 298 1461 cundo
320 1395 625 1482 Augustissimo
647 1393 826 1458 Hassiae
854 1393 1049 1459 Electore
1076 1394 1276 1480 moderante,

151 1500 262 1566 tertia
282 1494 464 1566 saecularia
483 1504 649 1585 gratantes
669 1497 778 1582 agitis,
801 1496 917 1562 eodem
938 1519 1039 1582 anno,
1058 1497 1303 1580 Ludovico⁸

152 1602 474 1686 Angustissimo
510 1600 712 1665 Badarum
744 1597 890 1685 Magno
923 1599 1037 1665 Duce
1070 1610 1276 1688 procurante,

156 1703 390 1792 copiosissime
423 1703 652 1792 locupletatam
680 1702 841 1768 videmus.
882 1701 1009 1768 Fausta
1033 1703 1274 1792 Principum

153 1809 461 1894 Rectoremque
490 1807 635 1894 auspicia
659 1805 851 1894 utrobique!
896 1805 1078 1892 Egregium
1103 1808 1276 1897 utrobique

155 1911 427 1997 luculentamque
446 1909 591 1974 laetandi
611 1909 829 1996 gratandique
845 1912 1087 1994 argumentum!

248 2017 301 2079 Ac
321 2013 351 2078 si
371 2012 580 2078 humanitatis
604 2020 662 2094 est,
679 2019 716 2076 ut
738 2011 876 2099 quisque
895 2014 1039 2078 maxime
1060 2013 1207 2099 laetatur,
1227 2019 1276 2083 ita

158 2117 305 2185 eundem
331 2115 444 2202 gaudii
469 2117 526 2180 sui
550 2135 681 2180 sensum
701 2113 928 2180 lubentissime
948 2116 984 2179 in
1004 2116 1088 2182 alios
1108 2117 1274 2183 transfun-

160 2223 260 2287 dere:
282 2239 363 2306 prae
381 2220 498 2284 ceteris
518 2217 704 2284 academias
725 2217 872 2282 cultioris
894 2217 1104 2284 humanitatis
1122 2229 1275 2306 parentes

159 2326 360 2410 altricesque
388 2323 496 2406 decet,
524 2321 683 2410 quidquid
704 2319 815 2385 ubivis
837 2321 980 2385 faustum
1000 2321 1044 2386 ad
1065 2317 1275 2390 humanitatis

160 2449 297 2492 sensum
317 2424 470 2490 alendum
490 2426 761 2511 ingeniorumque
783 2423 906 2489 cultum
929 2414 1115 2509 augendum
1130 2427 1278 2512 eonuge

159 2531 219 2614 rit,
254 2528 363 2616 quoad
391 2527 464 2615 ejus
488 2527 559 2592 fieri
585 2533 710 2615 potest,
739 2525 980 2592 officiosissime
1000 2528 1093 2594 'inter
1119 2548 1156 2594 se
1187 2549 1280 2596 com-¹

160 2653 340 2700 mumcare.

248 2734 353 2822 Cujus
381 2735 430 2798 rei
461 2733 662 2800 luculentum
690 2733 875 2821 exemplum
899 2742 1068 2820 praestant
1095 2735 1157 2800 hae
1182 2731 1276 2823 ipsae

161 2837 320 2928 epistolae
341 2836 445 2902 ueluti
466 2837 663 2901 domesticae
684 2845 785 2900 testes
806 2835 1016 2901 humanitatis
1033 2838 1273 2923 praeclarorum

161 2941 410 3007 duumvirorum
432 2937 601 3025 Sylburgii
623 2947 655 3004 et
672 2938 811 3002 Melissi.
842 2937 931 3018 Quas
952 2941 1141 3026 priusquam
1156 2942 1273 3004 inme·

161 3045 253 3110 dium
280 3043 444 3130 proferam
450 3086 460 3125 ,
492 3041 593 3128 hujus
616 3040 777 3108 derebus
798 3042 991 3126 asscriptis
1012 3041 1160 3106 nonnihil
1181 3061 1273 3128 prae·
1329 3113 1333 3121 ,

160 3146 360 3215 monendum
384 3145 532 3211 videtur:
565 3144 607 3210 de
635 3143 723 3208 illius
747 3143 872 3231 aliquid
893 3143 1080 3210 addendum
1101 3144 1160 3227 iis,
1188 3166 1280 3231 quae-

161 3251 268 3329 multa
285 3247 328 3314 ab
347 3247 424 3314 aliis
443 3256 622 3316 memorata
643 3255 729 3312 sunt.
1219 3264 1223 3270 ·
1253 3299 1257 3308 .

247 3352 370 3419 Paulus
392 3352 492 3437 igitur
510 3348 766 3438 Schedius*),
793 3351 849 3437 qui
875 3371 897 3414 a
911 3356 1015 3415 matre
1035 3348 1179 3436 voeari²)
1206 3369 1272 3414 ma-

167 3525 368 3536 ...-—.---——

231 3618 260 3686 ³¹⁵)
277 3621 320 3672 De
338 3617 425 3670 Paulo
443 3617 554 3670 Melissa
572 3632 657 3683 nuper
676 3613 820 3666 mnodum
843 3614 900 3680 egit
918 3614 1000 3664 etiam
1017 3609 1148 3678 Dehbque
1159 3613 1190 3662 in
1206 3613 1270 3664 Bio-

162 3708 277 3777 grapbie
298 3705 469 3760 Unicerscllc
491 3707 576 3756 Tome
596 3694 726 3756 LXXIII.
749 3702 888 3768 supplem.
911 3719 938 3767 p.
962 3701 1138 3776 tls-420..
1160 3702 1207 3767 qui
1220 3702 1272 3753 hoc

162 3814 223 3850 mco
248 3795 379 3862 opusculo
401 3807 466 3846 usus
491 3798 542 3845 cst.
584 3793 627 3844 Oi.
653 3794 749 3844 etiam:
771 3792 838 3844 Vita
855 3789 956 3841 Pauli
980 3789 1117 3840 Melissi
1133 3788 1271 3842 Schedii

163 3887 268 3952 scripta
291 3899 308 3934 a
331 3883 456 3934 PossidIo
479 3883 608 3946 Zittcr,
631 3881 677 3933 etl.
699 3881 793 3933 alos.
818 3878 1064 3931 Giitonaecker.
1101 3877 1272 3942 wirceburgi

180 3973 197 4023 8
216 3973 244 4022 4.
1071 4008 1075 4014 ,

164 3975 176 4025 l
198 3972 260 4124 32)
282 4047 427 4123 μητρόθεν
450 4053 601 4108 καλεῖσθαι
625 4069 699 4107 more
718 4069 769 4106 nec
791 4053 865 4120 apud
888 4058 995 4106 veteres
1012 4055 1121 4122 ignoto,
1144 4068 1205 4104 cum
1226 4051 1271 4104 vel

163 4146 286 4200 universi
306 4146 400 4212 populi
421 4146 461 4196 ita
483 4143 601 4196 solerent
622 4142 790 4209 salsinguli
813 4143 935 4194 homines
955 4141 1211 4204 ternodorensis,
1238 4140 1272 4192 de

165 4237 264 4303 quibus
285 4234 347 4286 vide
364 4234 497 4286 Herodot.
519 4233 542 4284 Ι.
563 4230 624 4284 173.
654 4247 714 4284 cum
732 4231 925 4284 Valckenaerii
944 4235 1038 4283 annot.
1062 4229 1152 4282 Nicol.
1172 4230 1271 4279 Dama·
1388 4248 1391 4255 ¹

166 4340 240 4376 scen.
258 4335 302 4388 apt
322 4323 399 4374 etob.
417 4339 444 4388 p.
463 4321 523 4372 510.
542 4318 635 4372 Vates.
654 4320 697 4372 Cf.
716 4319 788 4372 illius
806 4321 909 4387 Fragg.
927 4337 955 4385 p.
967 4319 1027 4395 itti.
1044 4317 1088 4367 cd.
1104 4316 1270 4399 Orell3Dio·

167 4415 224 4466 dor.
241 4410 325 4464 Sioul.
342 4411 377 4462 V.
394 4411 438 4462 81.
474 4408 668 4475 Wyttanbach.
693 4409 729 4460 ad
751 4409 892 4461 Plutarch.
910 4407 944 4460 dc
962 4405 1109 4476 virtutibus
1129 4405 1270 4458 mulierum

166 4519 193 4568 p.
212 4501 284 4567 tlsq.
303 4497 346 4552 ed.
366 4499 453 4552 Oxon.
469 4497 536 4564 Bao,
555 4501 583 4551 et
599 4499 736 4550 Latronne
752 4498 781 4549 in
795 4496 911 4551 Journal
928 4495 975 4547 dcc
990 4494 1096 4548 Savana
1114 4509 1178 4550 ana.
1192 4495 1270 4552 Μ).
