3167 5192
163 675 326 736 nostram
346 667 602 756 disputationem
614 643 709 750 iaoit,
728 666 817 755 quod
834 668 879 734 sd
898 667 1037 736 eandam
1055 669 1151 736 bovis
1168 667 1293 753 Cnosii,
1356 666 1361 678 '

167 793 280 859 quem
303 769 465 836 Herenles
489 768 629 856 subigit,
657 767 746 834 funis
773 767 927 854 alligatus
951 771 1166 858 eonspioitn'r,
1193 793 1314 860 qnam,

167 895 255 940 rom
278 873 390 962 paullo
418 879 495 940 ants
523 872 634 957 attigi,
662 870 721 938 nbi
750 872 792 938 de
816 873 926 938 onmis
951 872 1179 941 Phaestiorsm
1210 874 1292 942 dixi.

167 977 296 1066 Neque
317 997 338 1040 s
356 976 566 1044 vasculorum
579 975 760 1064 piotoribus
780 975 844 1042 hoe
862 975 951 1042 illins
970 976 1079 1042 herois
1094 976 1223 1042 sasinus
1236 999 1292 1044 ne-

168 1081 327 1168 glootnm
354 1085 414 1146 est.
458 1079 506 1166 ¹In
534 1099 614 1144 vase
643 1077 775 1166 quidem
795 1078 978 1163 Belkiano,
1006 1080 1094 1167 quod
1111 1101 1216 1167 nuper
1236 1079 1293 1146 sd·
1382 1104 1386 1116 ·

168 1183 316 1250 modum
337 1182 463 1270 primns
488 1180 702 1269 spectandum
732 1180 883 1251 exhibuit
903 1181 1181 1272 Inghnamiusp,
1207 1185 1293 1250 inter

167 1286 246 1352 slis
278 1286 417 1352 deornm
444 1285 625 1352 oertsmina
658 1283 721 1350 hoo
756 1305 886 1372 qnoque
916 1293 1189 1372 repraesentatur.
1237 1286 1294 1352 Ad

170 1389 334 1454 dextram
362 1389 449 1454 enim
468 1387 557 1456 illius
574 1387 723 1475 pioturee
748 1387 876 1454 sistitur
895 1386 1057 1453 Hercules
1088 1396 1217 1458 murum
1236 1388 1293 1455 do·

169 1513 274 1558 mans
295 1490 490 1578 antepedes
508 1489 698 1578 Eurysthei,
719 1499 893 1578 praesente
907 1490 1068 1574 Minerva,
1092 1491 1295 1579 adspioients

171 1597 282 1680 Jove,
316 1592 491 1660 advolante
520 1594 684 1678 Viotorie3
713 1593 810 1660 heros
845 1602 955 1660 sutem
982 1613 1064 1682 opus
1097 1593 1294 1681 adgrediens
1355 1583 1360 1590 ’

173 1699 301 1766 dextre
324 1717 425 1763 manu
447 1690 591 1780 elavem,
620 1697 754 1764 sinistro.
779 1697 899 1784 jugum
924 1696 1055 1762 videtur
1082 1704 1213 1782 gestare
1239 1698 1295 1764 vel

173 1802 324 1868 fortasse
343 1821 456 1866 areum
474 1800 593 1888 potins.
637 1799 763 1885 Jngnm
780 1800 810 1864 si
831 1796 1105 1884 geratHerenlea
1127 1799 1216 1886 quod
1229 1819 1295 1864 non

175 1905 342 1986 deserno,
370 1902 426 1967 vel
451 1924 504 1969 me
530 1923 600 1968 non
625 1909 779 1967 monente
806 1901 962 1966 continuo
990 1921 1165 1987 agnosces,
1198 1921 1295 1988 qssm

174 2007 267 2072 bene
295 2004 471 2072 conveniat
496 2005 593 2070 interf
605 2003 691 2069 hano
713 2002 912 2068 Belkianam
940 2003 1118 2089 imaginem
1138 2011 1172 2068 et
1190 2001 1294 2070 Erbe-

176 2129 348 2183 oensem,
377 2107 461 2174 Utus
485 2114 550 2189 est,
580 2113 694 2172 nostre
719 2112 808 2170 oerte
833 2106 962 2191 pistura
984 2105 1104 2190 jugum
1133 2125 1296 2171 common»
1382 2119 1387 2125 ·
1464 2094 1471 2114 '

178 2219 281 2295 stret,
300 2211 373 2276 siva
390 2209 643 2274 immorientem
665 2207 849 2274 eseresnclo
869 2207 1024 2273 idoneum
1044 2207 1154 2272 dicere
1175 2208 1295 2274 malnee

177 2316 245 2399 ris,
263 2319 425 2382 monstrat
446 2320 606 2396 arannrn3
631 2332 738 2398 neque
756 2318 869 2376 tamen
885 2317 998 2375 taurus
1018 2309 1211 2380 interfioitur
1234 2328 1297 2378 nee

179 2407 287 2486 corno
308 2415 390 2482 eliso
409 2414 574 2499 foedatur,
604 2435 666 2480 neo
693 2413 838 2480 humeris
859 2420 1022 2502 portatur,
1047 2411 1112 2478 sed*
1134 2412 1321 2481 detinetur

178 2529 219 2588 ut
241 2519 383 2586 arationi
404 2517 579 2602 adsuetist3
606 2539 669 2584 neo
689 2538 780 2582 erma
800 2523 858 2582 snt
878 2515 1008 2585 olavam
1027 2515 1136 2582 aliave
1154 2515 1222 2583 tela
1241 2515 1297 2582 hs·

165 2623 242 2715 ¹bet
263 2622 418 2705 domitor,
440 2620 500 2687 sed
524 2620 631 2686 nudus
661 2627 815 2708 operetur
834 2620 958 2707 pariter
978 2620 1078 2707 atqrie
1098 2620 1221 2704 sooi'us,
1242 2619 1300 2708 qni

178 2747 246 2792 nee
262 2717 335 2812 ipse
356 2721 468 2810 gladio
489 2723 608 2806 utitur,
630 2743 693 2810 qno
709 2722 888 2788 instructus
907 2720 1026 2788 adstat.
1229 2768 1232 2777 ,

208 2911 211 2916 Δ
270 2827 363 2894 Haeo
379 2825 497 2909 omnia,
516 2845 600 2912 quae
613 2825 744 2912 pietura
758 2831 873 2890 nostra
886 2823 1066 2910 singularis
1078 2822 1187 2906 hahet,
1203 2825 1299 2910 qrrasi

85 3011 87 3018 y
178 2951 286 2998 mann
310 2950 374 2994 nos
393 2929 516 2996 dnonnt
538 2927 581 2994 ad
602 2928 879 3014 comparationem
899 2927 1094 3014 scriptorum
1099 2975 1110 3009 ,
1134 2926 1191 3013 qni
1211 2926 1299 2992 huno

87 3069 91 3076 ·
179 3033 332 3102 laborem
347 3029 502 3101 Heronlis
516 3031 697 3096 memoriae
713 3027 940 3118 prodiderunt.
972 3029 1153 3095 Homerum
1166 3029 1299 3095 norim

179 3134 341 3204 Hereulis
362 3127 492 3210 ἄθλους
514 3134 623 3218 arguit
644 3131 734 3198 loeus
756 3131 872 3197 Iliadis
893 3131 991 3197 XIX.
1014 3152 1080 3196 vss.
1106 3135 1165 3197 130
1187 3153 1299 3218 seqq.;

181 3235 370 3305 Hesiodum
382 3245 492 3305 entem
505 3235 594 3302 hune
611 3236 718 3323 ipsum
734 3235 924 3300 Cretensem
942 3234 1088 3300 laborem
1100 3253 1300 3300 memorasse

180 3341 263 3408 inde
285 3339 458 3426 conjicias,
481 3338 568 3426 quod
581 3337 772 3422 Aeusileus,
796 3359 892 3426 quem
912 3338 995 3404 nihil
1015 3337 1085 3404 fere
1102 3338 1168 3403 nisi
1183 3337 1299 3402 Hesio·
1360 3375 1366 3390 ι

182 3444 249 3510 dea
269 3441 416 3530 pedestri
434 3461 583 3506 sermone
604 3440 779 3506 tradidisse
802 3440 929 3525 dieunt,
951 3439 1154 3530 prodiderat,
1171 3448 1301 3505 taurum

185 3546 362 3628 Gnosium,
383 3543 538 3610 Herculis
560 3543 697 3614 historia
718 3543 942 3628 nobilitatum,
963 3544 1067 3610 fuisse
1083 3532 1300 3630 eundem‘qni

184 3671 207 3716 a
228 3649 315 3718 Jove
337 3650 456 3716 missus
471 3647 638 3736 Europam
652 3647 875 3714 transfretant
885 3647 948 3736 **).
991 3646 1102 3714 Aliam
1117 3645 1239 3716 famen
1250 3666 1300 3713 re·

182 3801 394 3818 m

85 3939 87 3946 ‚
158 3909 162 3914 -
186 3881 224 3932 du
240 3877 362 3946 Louvre)
381 3877 419 3944 pl.
438 3874 499 3929 195.
517 3875 545 3926 b.
564 3875 631 3926 Nro.
650 3874 726 3936 2114
744 3873 864 3940 indeque
879 3888 985 3925 summa
1002 3873 1176 3926 soeurstione
1193 3885 1300 3948 expres-¹

187 3967 339 4020 semidam
356 3965 540 4032 anaglyphum
564 3964 593 4014 in
612 3963 643 4014 0.
668 3962 702 4014 0.
721 3961 831 4013 Miilleri
855 3965 884 4013 et
901 3961 1054 4029 Oesterleyi
1070 3959 1237 4014 Denkmitler
1253 3961 1301 4012 der

157 4049 163 4057 “
188 4057 264 4109 alten
277 4057 369 4108 Knnst
387 4053 441 4105 111.
460 4053 523 4104 Tei.
542 4051 629 4104 XXX.
649 4051 715 4103 Nro.
735 4049 798 4112 130.

259 4141 287 4210 *)
305 4143 339 4194 In
357 4141 478 4194 Gellsria
496 4139 621 4192 Omerioa
633 4143 691 4190 tar.
708 4135 841 4188 CLXXV.
860 4132 1101 4201 (nied.Tom.11.
1119 4150 1147 4200 p.
1166 4132 1217 4186 113
1230 4130 1300 4198 seq.)

259 4227 305 4296 **)
322 4229 467 4282 Aensileus
485 4227 558 4294 apud
573 4225 730 4294 Apollodor.
749 4225 787 4276 Π.
804 4224 831 4275 ὅ.
849 4223 876 4275 7.
894 4223 942 4274 ubi
965 4222 1029 4273 vide
1045 4221 1183 4288 Heyninm
1200 4221 1229 4270 in
1247 4219 1302 4271 Ob·

192 4323 306 4372 servatt.
320 4303 352 4384 p.
373 4317 433 4369 151.
452 4317 495 4370 ed.
514 4315 594 4367 alter.
613 4318 641 4364 et
659 4313 696 4365 ot.
715 4309 838 4364 Aousilsi
852 4311 941 4378 fragg.
959 4311 1045 4362 XXV.
1063 4309 1099 4360 ad
1115 4308 1218 4360 ealoem
1232 4307 1301 4359 Phe-

189 4407 368 4474 reeydeornm
385 4419 413 4471 p.
431 4405 492 4457 220.
512 4405 554 4456 ed.
573 4403 677 4454 Sturaii
694 4401 773 4454 alter.
809 4399 886 4451 Alter
900 4399 978 4451 loeus
992 4396 1150 4463 Apollodori
1167 4396 1207 4446 sio
1217 4394 1302 4447 habet

190 4481 293 4566 (HLi.
310 4494 362 4563 l.):
383 4484 496 4565 Ταύτης
509 4481 673 4563 (Εὐρώπης)
687 4481 758 4549 Ζεὺς
776 4479 917 4555 ἐρασθείς,
931 4483 1054 4546 πίπτει
1071 4476 1134 4536 daei
1150 4481 1211 4563 τῆς
1228 4470 1289 4545 θὶς·
1326 4529 1329 4537 .
