3167 5192
1202 456 1272 532 131Ι

147 635 323 721 religionis
338 632 598 722 amplectebatur
619 655 701 718 mm,
720 640 808 721 quae
819 624 1175 703 Εἰιο1ὀι111ι1υι1οιιιιιι
1194 636 1263 724 plc-

145 738 226 802 citis
258 735 418 819 stabilita,
446 736 572 803 dudum
602 736 734 825 publice
764 746 899 826 recepta
922 747 1023 823 seseq
1048 740 1112 827 ¹sed
1127 740 1176 805 its
1197 760 1264 803 am·

146 839 373 929 plectebatur,
391 862 459 905 non
477 849 531 923 ut,
552 840 593 909 de
612 860 677 929 que
698 840 895 928 disputaret,
921 840 1070 925 baberet,
1093 843 1151 907 scd
1174 842 1263 929 quod

148 940 292 1009 eandem
312 943 357 1009 ad
373 945 530 1009 uirtutem
551 942 754 1033 salutemque
771 946 992 1011 necessarium
1012 965 1085 1013 esse
1105 932 1263 1027 crederet

147 1053 266 1132 utpote
285 1047 343 1134 qui
355 1046 473 1113 borum
493 1044 576 1112 nibil
597 1045 641 1111 ad
658 1066 778 1111 vanam
792 1046 960 1113 doctrinae
981 1048 1132 1151 speciem,
1155 1048 1263 1125 omnia

149 1149 196 1214 ad
216 1169 327 1215 mores
351 1158 383 1215 et
405 1151 496 1217 vitae
515 1148 679 1218 actionem
700 1149 850 1216 referret.
897 1150 1031 1241 Summa
1057 1144 1128 1216 erat
1157 1148 1262 1215 cultus

146 1251 276 1339 publici
302 1260 337 1317 et
355 1252 398 1318 sd
419 1249 606 1341 exemplum
634 1262 788 1319 accurata
809 1255 1011 1383 observatio,
1041 1252 1264 1341 librorumque

148 1364 341 1421 nostrorum
361 1357 542 1421 venusto.

235 1456 356 1545 Neque
374 1479 453 1525 vero
473 1461 578 1525 tristis
599 1468 670 1525 erat
690 1467 748 1523 aut
766 1460 886 1524 auxius
897 1460 1009 1542 animi,
1031 1458 1092 1525 sed
1112 1452 1265 1525 comitate

149 1570 182 1627 et
208 1558 407 1658 affabilitate
429 1582 563 1649 prorsus
591 1564 695 1628 suavi.
746 1563 863 1651 ltaque
891 1562 1106 1651 appetebatur
1132 1560 1180 1627 ab
1199 1561 1264 1645 1ιίι,Ι

150 1667 206 1753 qui
226 1664 465 1729 humanitatem
484 1669 646 1750 amarent,
667 1675 724 1733 aut
745 1662 1055 1753 multiplicirerum,
1078 1683 1176 1754 quum
1197 1685 1264 1731 ser-

148 1766 305 1833 monibus
326 1776 502 1852 exsereret,
521 1769 710 1854 cognitione
729 1773 934 1854 tenerentur3
955 1778 1147 1858 tantumque
1169 1767 1265 1834 abest
1381 1848 1383 1857 Ι

146 1880 186 1969 ut
204 1868 435 1935 sodalitiorum
456 1869 653 1937 bilaritatem
670 1872 792 1937 vitaret
812 1881 849 1937 ut
864 1874 963 1938 etiam
982 1871 1098 1937 talium
1112 1890 1264 1957 congres-

148 1994 248 2038 suum
268 1980 357 2037 esset
376 1980 504 2057 auctor,
527 1968 633 2061 epulis
655 1975 839 2061 excipiens,
867 1972 1094 2063 quibuscum
1085 1975 1150 2061 1psi
1170 1967 1265 2039 fami¹

147 2077 277 2143 liaritas
299 2075 534 2142 intercedebat.

238 2176 301 2243 Oui
322 2176 471 2243 laborum
492 2176 648 2243 levamini
666 2186 784 2267 postea
802 2186 917 2266 sponte
938 2197 974 2243 se
993 2178 1165 2262 subduxit,
1189 2200 1263 2243 cum

148 2295 328 2349 senescens
348 2278 397 2345 rei
417 2280 588 2367 augendae
614 2283 723 2346 minus
747 2304 784 2347 se
796 2274 959 2348 'idoneum
980 2281 1135 2364 vidisset,
1156 2299 1265 2369 neque

147 2394 263 2451 tamen
282 2403 461 2469 egenorum
488 2384 620 2471 inopiae
642 2384 760 2449 deesse
781 2386 967 2449 sustineret.
1011 2382 1094 2448 Erat
1116 2382 1202 2448 enim
1224 2404 1264 2447 ea

147 2488 185 2554 in
202 2506 364 2575 pauperes
384 2485 588 2573 benignitas,
610 2508 695 2575 quae
715 2508 823 2575 neque
842 2486 1001 2574 pecuniae
1021 2494 1181 2573 parceret,
1201 2498 1264 2551 nec

146 2591 266 2678 penrrl,
292 2590 371 2677 quin
390 2589 445 2655 vel
460 2589 648 2677 petentibus
664 2590 840 2674 tribueret,
866 2589 921 2655 vel
946 2588 1079 2655 offerret
1103 2590 1189 2655 ultro
1209 2590 1261 2673 iis,

149 2693 210 2781 qui
232 2692 410 2757 verecundi
430 2692 579 2758 laterent.
623 2693 762 2761 Publius
781 2713 913 2782 quoque
928 2694 965 2757 ‘in
979 2682 1150 2758 condendo
1167 2691 1262 2757 urbis

147 2803 285 2861 nostrae
302 2799 488 2875 pesenae
506 2788 625 2860 mersu
647 2800 784 2861 Inurum
805 2796 877 2882 ejus
899 2796 1041 2859 maxime
1068 2813 1168 2881 opera
1187 2814 1264 2860 con·
1358 2827 1384 2897 Ι·

149 2898 269 2985 spicue
290 2896 364 2961 fuit
407 2895 523 2984 Neque
544 2918 623 2962 vero
651 2898 781 2981 deerat,
796 2893 896 2985 quod
916 2888 1115 2983 benignitati
1142 2894 1261 2961 condo·

147 3007 261 3082 ruet,
282 3019 356 3064 cum
375 3020 415 3064 ea
436 3008 523 3064 esset
542 3002 632 3064 vitae
649 2999 857 3087 simplicitas,
881 3020 965 3087 quae
986 2997 1263 3084 magnificentiam

149 3102 321 3188 refugeret
340 3110 374 3167 et
393 3102 677 3189 intemperantiam
699 3111 839 3171 sumtus:
861 3122 903 3167 es
923 3102 1084 3187 marius,
1108 3118 1196 3188 quae
1212 3092 1265 3165 ni?

149 3205 252 3270 bilin
273 3204 371 3269 luxus
394 3201 538 3269 ludibria
554 3214 592 3282 ‚et
612 3225 702 3271 nova
722 3206 826 3271 seculi
846 3213 1029 3271 commenta
1047 3204 1261 3291 impenderet.

149 3308 268 3396 Neque
281 3315 391 3371 tamen
411 3301 556 3371 sordium
576 3309 610 3371 in
632 3330 671 3374 eo
690 3303 771 3395 quid
788 3305 930 3392 videres,
952 3307 1012 3373 sed
1033 3315 1153 3371 ecerat
1169 3328 1261 3372 mun-
1357 3346 1360 3359 ·

150 3410 250 3475 difies
271 3408 442 3497 cultusque
467 3408 645 3495 elegantia,
671 3432 755 3498 quae
771 3407 1152 3492 'hominem‘deceretja
1172 3416 1261 3474 tene·

149 3516 195 3579 ris
221 3509 403 3577 liberaliter
430 3512 630 3596 institutum,
658 3511 850 3601 artibusque
883 3512 1036 3598 ingenuis
1067 3513 1261 3577 innutritum
1338 3562 1340 3569 .

151 3613 401 3703 quodammodo.
451 3610 597 3678 Vivebat
622 3623 730 3682 autem
764 3614 811 3678 lts
836 3614 1066 3693 utpmirareris
1096 3614 1284 3679 inoffensa.

149 3738 256 3805 paene
277 3716 320 3781 ad
347 3723 552 3781 senectutem·
574 3736 680 3805 usque
706 3719 755 3783 uli
784 3738 859 3781 eum
888 3716 1077 3782 valetudine
1105 3706 1259 3805 potuisse,

149 3828 186 3883 ut
206 3819 264 3906 qui
284 3818 461 3883 admodum
481 3816 726 3885 r'aroliberiori
744 3838 826 3885 aure
845 3810 1024 3902 frueretur,
1054 3828 1111 3887 aut
1130 3841 1267 3887 exerce-⁴

150 3929 241 3986 retur
258 3919 321 3985 sub
338 3921 406 4004 dio,
417 3940 609 4008 ‘numquam‘
623 3920 694 3986 fere
713 3920 925 3989 excursiones
946 3921 1078 4005 feceret,
1098 3928 1131 3986 et
1150 3922 1262 3989 tumen
1358 3998 1361 4003 ,

152 4045 192 4089 es
216 4031 290 4087 erat
309 4022 462 4123 firmitas,
490 4042 575 4111 quae
596 4024 781 4111 juventutis
810 4024 973 4113 quendam
1001 4025 1142 4091 colorem
1162 4026 1260 4091 ctiam

149 4132 332 4214 praestaret
356 4127 439 4191 seni.
483 4127 585 4215 Atqui
606 4130 837 4215 temperentia,
867 4150 949 4217 quas
973 4130 1077 4216 major
1099 4148 1259 4195 essenon

148 4235 276 4316 potest,
301 4237 335 4293 et
362 4229 574 4317 religiosum
599 4230 691 4297 victu
708 4230 882 4317 diligentis
911 4231 983 4309 hoo
1000 4239 1168 4307 assecutus
1198 4242 1257 4316 est,

148 4338 186 4395 ut
204 4330 260 4395 vel
277 4332 444 4419 perpetuis
464 4331 633 4399 laboribus
653 4333 819 4401 sufficeret
836 4342 869 4400 et
885 4334 970 4403 inter
990 4334 1160 4407 continuos
1182 4330 1257 4402 illos

149 4433 292 4500 duraret
607 4476 612 4485 ·
1001 4477 1006 4492 ι
