<?xml version="1.0" encoding="UTF-8"?>
<!DOCTYPE html PUBLIC "-//W3C//DTD XHTML 1.0 Transitional//EN"
    "http://www.w3.org/TR/xhtml1/DTD/xhtml1-transitional.dtd">
<html xmlns="http://www.w3.org/1999/xhtml" xml:lang="en" lang="en">
 <head>
  <title>
</title>
<meta http-equiv="Content-Type" content="text/html;charset=utf-8" />
  <meta name='ocr-system' content='tesseract 3.04.00' />
  <meta name='ocr-capabilities' content='ocr_page ocr_carea ocr_par ocr_line ocrx_word'/>
</head>
<body>
  <div class='ocr_page' id='page_1' title='image "./opusculaselecta00creugoog_0031.png"; bbox 0 0 3167 5192; ppageno 0'>
   <div class='ocr_carea' id='block_1_1' title="bbox 1204 509 1244 578">
    <p class='ocr_par' dir='ltr' id='par_1_1' title="bbox 1204 509 1244 578">
     <span class='ocr_line' id='line_1_1' title="bbox 1204 509 1244 578; baseline 0 0"><span class='ocrx_word' id='word_1_1' title='bbox 1204 509 1244 578; x_wconf 82' lang='grc' dir='ltr'><strong>λλ</strong></span> 
     </span>
    </p>
   </div>
   <div class='ocr_carea' id='block_1_2' title="bbox 131 675 1246 2000">
    <p class='ocr_par' dir='ltr' id='par_1_2' title="bbox 133 675 1246 870">
     <span class='ocr_line' id='line_1_2' title="bbox 133 675 1246 769; baseline 0.007 -26"><span class='ocrx_word' id='word_1_2' title='bbox 133 695 251 765; x_wconf 77' lang='lat' dir='ltr'><strong>pressa</strong></span> <span class='ocrx_word' id='word_1_3' title='bbox 276 675 418 746; x_wconf 82' lang='lat' dir='ltr'><strong>videtur.</strong></span> <span class='ocrx_word' id='word_1_4' title='bbox 462 676 562 768; x_wconf 79' lang='lat' dir='ltr'><strong>Apud</strong></span> <span class='ocrx_word' id='word_1_5' title='bbox 591 683 767 764; x_wconf 70' lang='lat' dir='ltr'><strong>Euripidem</strong></span> <span class='ocrx_word' id='word_1_6' title='bbox 796 681 832 745; x_wconf 91' lang='lat' dir='ltr'><strong>in</strong></span> <span class='ocrx_word' id='word_1_7' title='bbox 851 679 1016 766; x_wconf 74' lang='lat' dir='ltr'><strong>Helena*)</strong></span> <span class='ocrx_word' id='word_1_8' title='bbox 1041 676 1167 769; x_wconf 55' lang='lat' dir='ltr'><strong>(thoros</strong></span> <span class='ocrx_word' id='word_1_9' title='bbox 1193 679 1246 750; x_wconf 56' lang='lat' dir='ltr'><strong>res</strong></span> 
     </span>
     <span class='ocr_line' id='line_1_3' title="bbox 133 781 531 870; baseline 0.005 -24"><span class='ocrx_word' id='word_1_10' title='bbox 133 803 223 848; x_wconf 89' lang='lat' dir='ltr'><strong>mum</strong></span> <span class='ocrx_word' id='word_1_11' title='bbox 246 785 293 850; x_wconf 82' lang='lat' dir='ltr'><strong>ita</strong></span> <span class='ocrx_word' id='word_1_12' title='bbox 313 781 503 870; x_wconf 86' lang='lat' dir='ltr'><strong>compellat:</strong></span> <span class='ocrx_word' id='word_1_13' title='bbox 527 849 531 862; x_wconf 71' lang='grc'><em>,</em></span> 
     </span>
    </p>

    <p class='ocr_par' dir='ltr' id='par_1_3' title="bbox 342 874 802 963">
     <span class='ocr_line' id='line_1_4' title="bbox 342 874 802 963; baseline 0 -13"><span class='ocrx_word' id='word_1_14' title='bbox 342 886 513 950; x_wconf 67' lang='grc' dir='ltr'><strong><em>Φοίνισσα</em></strong></span> <span class='ocrx_word' id='word_1_15' title='bbox 529 874 750 963; x_wconf 76' lang='grc' dir='ltr'><strong><em>Σισωνιοὶςολ</em></strong></span> <span class='ocrx_word' id='word_1_16' title='bbox 797 917 802 929; x_wconf 68' lang='lat'><strong><em>¹</em></strong></span> 
     </span>
    </p>

    <p class='ocr_par' dir='ltr' id='par_1_4' title="bbox 318 982 913 1076">
     <span class='ocr_line' id='line_1_5' title="bbox 318 982 913 1076; baseline 0.002 -25"><span class='ocrx_word' id='word_1_17' title='bbox 318 1025 320 1032; x_wconf 69' lang='lat'><em>,</em></span> <span class='ocrx_word' id='word_1_18' title='bbox 346 989 466 1071; x_wconf 79' lang='grc' dir='ltr'><strong><em>Ταχελα</em></strong></span> <span class='ocrx_word' id='word_1_19' title='bbox 485 983 616 1075; x_wconf 68' lang='lat' dir='ltr'><strong>acina,</strong></span> <span class='ocrx_word' id='word_1_20' title='bbox 635 988 784 1076; x_wconf 74' lang='grc' dir='ltr'><strong><em>ῥοθίοισι</em></strong></span> <span class='ocrx_word' id='word_1_21' title='bbox 806 982 913 1073; x_wconf 73' lang='grc' dir='ltr'><strong><em>μήτηρ</em></strong></span> 
     </span>
    </p>

    <p class='ocr_par' dir='ltr' id='par_1_5' title="bbox 343 1091 594 1184">
     <span class='ocr_line' id='line_1_6' title="bbox 343 1091 594 1184; baseline 0.008 -30"><span class='ocrx_word' id='word_1_22' title='bbox 343 1091 480 1184; x_wconf 65' lang='lat' dir='ltr'><strong>Elocuta</strong></span> <span class='ocrx_word' id='word_1_23' title='bbox 501 1093 594 1176; x_wconf 83' lang='grc' dir='ltr'><strong><em>φίλα,</em></strong></span> 
     </span>
    </p>

    <p class='ocr_par' dir='ltr' id='par_1_6' title="bbox 344 1189 904 1278">
     <span class='ocr_line' id='line_1_7' title="bbox 344 1189 904 1278; baseline -0.002 -20"><span class='ocrx_word' id='word_1_24' title='bbox 344 1191 507 1276; x_wconf 76' lang='grc' dir='ltr'><strong><em>Χοραγλ</em></strong></span> <span class='ocrx_word' id='word_1_25' title='bbox 532 1195 613 1258; x_wconf 74' lang='lat' dir='ltr'><strong>coir</strong></span> <span class='ocrx_word' id='word_1_26' title='bbox 638 1189 904 1278; x_wconf 74' lang='grc' dir='ltr'><strong><em>καλλιχόρων</em></strong></span> 
     </span>
    </p>

    <p class='ocr_par' dir='ltr' id='par_1_7' title="bbox 343 1289 836 1381">
     <span class='ocr_line' id='line_1_8' title="bbox 343 1289 836 1381; baseline -0.004 -20"><span class='ocrx_word' id='word_1_27' title='bbox 343 1289 630 1381; x_wconf 74' lang='grc' dir='ltr'><strong><em>Δελφλνωιι,”</em></strong></span> <span class='ocrx_word' id='word_1_28' title='bbox 609 1319 692 1361; x_wconf 80' lang='grc' dir='ltr'><strong><em>οταν</em></strong></span> <span class='ocrx_word' id='word_1_29' title='bbox 714 1291 836 1381; x_wconf 78' lang='grc' dir='ltr'><strong><em>αὔραις</em></strong></span> 
     </span>
    </p>

    <p class='ocr_par' dir='ltr' id='par_1_8' title="bbox 131 1398 1245 1875">
     <span class='ocr_line' id='line_1_9' title="bbox 342 1398 719 1486; baseline -0.005 -22"><span class='ocrx_word' id='word_1_30' title='bbox 342 1398 493 1484; x_wconf 77' lang='grc' dir='ltr'><strong><em>Πέλαγος</em></strong></span> <span class='ocrx_word' id='word_1_31' title='bbox 519 1386 719 1486; x_wconf 75' lang='grc' dir='ltr'><strong>νήνεμονῇ.</strong></span> 
     </span>
     <span class='ocr_line' id='line_1_10' title="bbox 133 1495 1245 1588; baseline 0.005 -26"><span class='ocrx_word' id='word_1_32' title='bbox 133 1495 201 1563; x_wconf 84' lang='lat' dir='ltr'><strong>Ubi</strong></span> <span class='ocrx_word' id='word_1_33' title='bbox 222 1519 324 1587; x_wconf 90' lang='lat' dir='ltr'><strong>quum</strong></span> <span class='ocrx_word' id='word_1_34' title='bbox 343 1519 443 1566; x_wconf 81' lang='lat' dir='ltr'><strong>remus</strong></span> <span class='ocrx_word' id='word_1_35' title='bbox 463 1505 669 1582; x_wconf 61' lang='lat' dir='ltr'><strong>delphinorum</strong></span> <span class='ocrx_word' id='word_1_36' title='bbox 687 1506 838 1580; x_wconf 73' lang='grc' dir='ltr'><strong><em>ολιονοριο</em></strong></span> <span class='ocrx_word' id='word_1_37' title='bbox 859 1499 986 1564; x_wconf 87' lang='lat' dir='ltr'><strong>dicatur</strong></span> <span class='ocrx_word' id='word_1_38' title='bbox 992 1510 1174 1588; x_wconf 76' lang='lat' dir='ltr'><strong>,zapparet</strong></span> <span class='ocrx_word' id='word_1_39' title='bbox 1196 1523 1245 1567; x_wconf 86' lang='lat' dir='ltr'><strong>re·</strong></span> 
     </span>
     <span class='ocr_line' id='line_1_11' title="bbox 131 1601 1243 1692; baseline 0.005 -29"><span class='ocrx_word' id='word_1_40' title='bbox 131 1601 239 1686; x_wconf 85' lang='lat' dir='ltr'><strong>miges</strong></span> <span class='ocrx_word' id='word_1_41' title='bbox 273 1601 420 1692; x_wconf 83' lang='lat' dir='ltr'><strong>adeoque</strong></span> <span class='ocrx_word' id='word_1_42' title='bbox 447 1615 556 1668; x_wconf 78' lang='grc' dir='ltr'><strong><em>ιιοιιιαι</em></strong></span> <span class='ocrx_word' id='word_1_43' title='bbox 581 1609 743 1668; x_wconf 65' lang='lat' dir='ltr'><strong>eorundem</strong></span> <span class='ocrx_word' id='word_1_44' title='bbox 768 1608 860 1668; x_wconf 79' lang='lat' dir='ltr'><strong>duces</strong></span> <span class='ocrx_word' id='word_1_45' title='bbox 882 1614 912 1667; x_wconf 85' lang='lat' dir='ltr'><strong>et</strong></span> <span class='ocrx_word' id='word_1_46' title='bbox 940 1615 1070 1669; x_wconf 80' lang='lat' dir='ltr'><strong>rectores</strong></span> <span class='ocrx_word' id='word_1_47' title='bbox 1096 1606 1243 1691; x_wconf 80' lang='lat' dir='ltr'><strong>cogitari:</strong></span> 
     </span>
     <span class='ocr_line' id='line_1_12' title="bbox 133 1699 1245 1794; baseline 0.007 -26"><span class='ocrx_word' id='word_1_48' title='bbox 133 1699 232 1782; x_wconf 78' lang='lat' dir='ltr'><strong>Quod</strong></span> <span class='ocrx_word' id='word_1_49' title='bbox 253 1705 362 1792; x_wconf 92' lang='lat' dir='ltr'><strong>ipsum</strong></span> <span class='ocrx_word' id='word_1_50' title='bbox 382 1715 581 1794; x_wconf 81' lang='lat' dir='ltr'><strong>quantopere</strong></span> <span class='ocrx_word' id='word_1_51' title='bbox 602 1703 645 1770; x_wconf 92' lang='lat' dir='ltr'><strong>ad</strong></span> <span class='ocrx_word' id='word_1_52' title='bbox 666 1703 773 1771; x_wconf 88' lang='lat' dir='ltr'><strong>locum</strong></span> <span class='ocrx_word' id='word_1_53' title='bbox 788 1703 998 1771; x_wconf 77' lang='lat' dir='ltr'><strong>Pindaricum</strong></span> <span class='ocrx_word' id='word_1_54' title='bbox 1017 1705 1245 1778; x_wconf 84' lang='lat' dir='ltr'><strong>illustrandum</strong></span> 
     </span>
     <span class='ocr_line' id='line_1_13' title="bbox 131 1803 623 1875; baseline 0.004 -7"><span class='ocrx_word' id='word_1_55' title='bbox 131 1803 235 1872; x_wconf 82' lang='lat' dir='ltr'><strong>iaciat</strong></span> <span class='ocrx_word' id='word_1_56' title='bbox 256 1827 324 1872; x_wconf 90' lang='lat' dir='ltr'><strong>non</strong></span> <span class='ocrx_word' id='word_1_57' title='bbox 341 1810 458 1875; x_wconf 79' lang='lat' dir='ltr'><strong>attinet</strong></span> <span class='ocrx_word' id='word_1_58' title='bbox 480 1827 623 1874; x_wconf 87' lang='lat' dir='ltr'><strong>monere.</strong></span> 
     </span>
    </p>

    <p class='ocr_par' dir='ltr' id='par_1_9' title="bbox 219 1907 1244 2000">
     <span class='ocr_line' id='line_1_14' title="bbox 219 1907 1244 2000; baseline 0.006 -26"><span class='ocrx_word' id='word_1_59' title='bbox 219 1910 337 1998; x_wconf 89' lang='lat' dir='ltr'><strong>Itaque</strong></span> <span class='ocrx_word' id='word_1_60' title='bbox 362 1911 440 1974; x_wconf 86' lang='lat' dir='ltr'><strong>trita</strong></span> <span class='ocrx_word' id='word_1_61' title='bbox 465 1929 592 1995; x_wconf 89' lang='lat' dir='ltr'><strong>usuque</strong></span> <span class='ocrx_word' id='word_1_62' title='bbox 619 1907 748 1974; x_wconf 85' lang='lat' dir='ltr'><strong>firmata</strong></span> <span class='ocrx_word' id='word_1_63' title='bbox 775 1911 893 1997; x_wconf 88' lang='lat' dir='ltr'><strong>priscis</strong></span> <span class='ocrx_word' id='word_1_64' title='bbox 916 1911 1115 1998; x_wconf 83' lang='lat' dir='ltr'><strong>hominibus,</strong></span> <span class='ocrx_word' id='word_1_65' title='bbox 1138 1916 1244 2000; x_wconf 66' lang='lat' dir='ltr'><strong>poetis</strong></span> 
     </span>
    </p>
   </div>
   <div class='ocr_carea' id='block_1_3' title="bbox 132 2011 1360 2102">
    <p class='ocr_par' dir='ltr' id='par_1_10' title="bbox 132 2011 1360 2102">
     <span class='ocr_line' id='line_1_15' title="bbox 132 2011 1360 2102; baseline 0.006 -26"><span class='ocrx_word' id='word_1_66' title='bbox 132 2014 278 2077; x_wconf 80' lang='lat' dir='ltr'><strong>maxime</strong></span> <span class='ocrx_word' id='word_1_67' title='bbox 309 2012 412 2078; x_wconf 86' lang='lat' dir='ltr'><strong>fuisse</strong></span> <span class='ocrx_word' id='word_1_68' title='bbox 439 2011 570 2076; x_wconf 86' lang='lat' dir='ltr'><strong>videtur</strong></span> <span class='ocrx_word' id='word_1_69' title='bbox 598 2013 819 2097; x_wconf 80' lang='lat' dir='ltr'><strong>navigationis</strong></span> <span class='ocrx_word' id='word_1_70' title='bbox 845 2029 919 2078; x_wconf 83' lang='lat' dir='ltr'><strong>cum</strong></span> <span class='ocrx_word' id='word_1_71' title='bbox 940 2013 1167 2102; x_wconf 82' lang='lat' dir='ltr'><strong>delphinorum</strong></span> <span class='ocrx_word' id='word_1_72' title='bbox 1188 2041 1244 2082; x_wconf 86' lang='lat' dir='ltr'><strong>na·</strong></span> <span class='ocrx_word' id='word_1_73' title='bbox 1358 2044 1360 2051; x_wconf 95' lang='lat'>·</span> 
     </span>
    </p>
   </div>
   <div class='ocr_carea' id='block_1_4' title="bbox 130 2108 1257 2610">
    <p class='ocr_par' dir='ltr' id='par_1_11' title="bbox 130 2108 1257 2610">
     <span class='ocr_line' id='line_1_16' title="bbox 130 2108 1243 2200; baseline 0.006 -22"><span class='ocrx_word' id='word_1_74' title='bbox 130 2117 272 2180; x_wconf 87' lang='lat' dir='ltr'><strong>tantium</strong></span> <span class='ocrx_word' id='word_1_75' title='bbox 294 2115 369 2181; x_wconf 88' lang='lat' dir='ltr'><strong>lusu</strong></span> <span class='ocrx_word' id='word_1_76' title='bbox 389 2113 588 2200; x_wconf 77' lang='lat' dir='ltr'><strong>conjunctio</strong></span> <span class='ocrx_word' id='word_1_77' title='bbox 634 2111 757 2194; x_wconf 80' lang='lat' dir='ltr'><strong>Quidni</strong></span> <span class='ocrx_word' id='word_1_78' title='bbox 787 2115 888 2199; x_wconf 85' lang='lat' dir='ltr'><strong>igitur</strong></span> <span class='ocrx_word' id='word_1_79' title='bbox 908 2114 966 2181; x_wconf 90' lang='lat' dir='ltr'><strong>ubi</strong></span> <span class='ocrx_word' id='word_1_80' title='bbox 993 2118 1129 2182; x_wconf 89' lang='lat' dir='ltr'><strong>candem</strong></span> <span class='ocrx_word' id='word_1_81' title='bbox 1153 2108 1243 2186; x_wconf 81' lang='lat' dir='ltr'><strong>navi-</strong></span> 
     </span>
     <span class='ocr_line' id='line_1_17' title="bbox 132 2215 1244 2307; baseline 0.007 -27"><span class='ocrx_word' id='word_1_82' title='bbox 132 2217 235 2300; x_wconf 85' lang='lat' dir='ltr'><strong>gandi</strong></span> <span class='ocrx_word' id='word_1_83' title='bbox 261 2226 365 2307; x_wconf 81' lang='lat' dir='ltr'><strong>artem</strong></span> <span class='ocrx_word' id='word_1_84' title='bbox 386 2237 546 2304; x_wconf 78' lang='lat' dir='ltr'><strong>usumque</strong></span> <span class='ocrx_word' id='word_1_85' title='bbox 572 2215 723 2281; x_wconf 88' lang='lat' dir='ltr'><strong>suaviore</strong></span> <span class='ocrx_word' id='word_1_86' title='bbox 746 2215 888 2304; x_wconf 79' lang='lat' dir='ltr'><strong>quadam</strong></span> <span class='ocrx_word' id='word_1_87' title='bbox 913 2217 1056 2302; x_wconf 83' lang='lat' dir='ltr'><strong>imagine</strong></span> <span class='ocrx_word' id='word_1_88' title='bbox 1083 2220 1244 2291; x_wconf 87' lang='lat' dir='ltr'><strong>declarari</strong></span> 
     </span>
     <span class='ocr_line' id='line_1_18' title="bbox 131 2317 1244 2406; baseline 0.006 -23"><span class='ocrx_word' id='word_1_89' title='bbox 131 2319 267 2403; x_wconf 85' lang='lat' dir='ltr'><strong>vellent,</strong></span> <span class='ocrx_word' id='word_1_90' title='bbox 287 2321 380 2388; x_wconf 90' lang='lat' dir='ltr'><strong>velut</strong></span> <span class='ocrx_word' id='word_1_91' title='bbox 403 2322 438 2384; x_wconf 91' lang='lat' dir='ltr'><strong>in</strong></span> <span class='ocrx_word' id='word_1_92' title='bbox 460 2319 539 2384; x_wconf 86' lang='lat' dir='ltr'><strong>artis</strong></span> <span class='ocrx_word' id='word_1_93' title='bbox 563 2324 670 2403; x_wconf 87' lang='lat' dir='ltr'><strong>opere,</strong></span> <span class='ocrx_word' id='word_1_94' title='bbox 692 2317 833 2382; x_wconf 89' lang='lat' dir='ltr'><strong>hominis</strong></span> <span class='ocrx_word' id='word_1_95' title='bbox 855 2319 1018 2406; x_wconf 78' lang='lat' dir='ltr'><strong>delphinis</strong></span> <span class='ocrx_word' id='word_1_96' title='bbox 1040 2321 1136 2389; x_wconf 89' lang='lat' dir='ltr'><strong>dorso</strong></span> <span class='ocrx_word' id='word_1_97' title='bbox 1157 2325 1244 2390; x_wconf 83' lang='lat' dir='ltr'><strong>vecti</strong></span> 
     </span>
     <span class='ocr_line' id='line_1_19' title="bbox 131 2419 1245 2511; baseline 0.011 -31"><span class='ocrx_word' id='word_1_98' title='bbox 131 2419 283 2505; x_wconf 85' lang='lat' dir='ltr'><strong>symbolo</strong></span> <span class='ocrx_word' id='word_1_99' title='bbox 309 2424 358 2488; x_wconf 87' lang='lat' dir='ltr'><strong>uti</strong></span> <span class='ocrx_word' id='word_1_100' title='bbox 378 2420 568 2511; x_wconf 84' lang='lat' dir='ltr'><strong>potuerint?</strong></span> <span class='ocrx_word' id='word_1_101' title='bbox 611 2421 685 2487; x_wconf 90' lang='lat' dir='ltr'><strong>Hoc</strong></span> <span class='ocrx_word' id='word_1_102' title='bbox 712 2429 800 2486; x_wconf 90' lang='lat' dir='ltr'><strong>certe</strong></span> <span class='ocrx_word' id='word_1_103' title='bbox 821 2421 878 2508; x_wconf 91' lang='lat' dir='ltr'><strong>qui</strong></span> <span class='ocrx_word' id='word_1_104' title='bbox 904 2421 1014 2488; x_wconf 89' lang='lat' dir='ltr'><strong>locum</strong></span> <span class='ocrx_word' id='word_1_105' title='bbox 1034 2426 1245 2492; x_wconf 76' lang='lat' dir='ltr'><strong>Pindaricum</strong></span> 
     </span>
     <span class='ocr_line' id='line_1_20' title="bbox 132 2523 1257 2610; baseline 0.009 -27"><span class='ocrx_word' id='word_1_106' title='bbox 132 2539 235 2609; x_wconf 85' lang='lat' dir='ltr'><strong>supra</strong></span> <span class='ocrx_word' id='word_1_107' title='bbox 261 2523 430 2589; x_wconf 78' lang='lat' dir='ltr'><strong>laudatum</strong></span> <span class='ocrx_word' id='word_1_108' title='bbox 455 2524 640 2589; x_wconf 77' lang='lat' dir='ltr'><strong>accuratius</strong></span> <span class='ocrx_word' id='word_1_109' title='bbox 660 2523 843 2610; x_wconf 84' lang='lat' dir='ltr'><strong>inspexerit</strong></span> <span class='ocrx_word' id='word_1_110' title='bbox 870 2523 1005 2589; x_wconf 88' lang='lat' dir='ltr'><strong>dubium</strong></span> <span class='ocrx_word' id='word_1_111' title='bbox 1026 2527 1088 2590; x_wconf 90' lang='lat' dir='ltr'><strong>erit</strong></span> <span class='ocrx_word' id='word_1_112' title='bbox 1108 2530 1257 2593; x_wconf 71' lang='lat' dir='ltr'><strong>nemini·</strong></span> 
     </span>
    </p>
   </div>
   <div class='ocr_carea' id='block_1_5' title="bbox 131 2623 1243 2918">
    <p class='ocr_par' dir='ltr' id='par_1_12' title="bbox 131 2623 1242 2918">
     <span class='ocr_line' id='line_1_21' title="bbox 219 2623 1242 2713; baseline 0.006 -24"><span class='ocrx_word' id='word_1_113' title='bbox 219 2623 264 2689; x_wconf 82' lang='lat' dir='ltr'><strong>Et</strong></span> <span class='ocrx_word' id='word_1_114' title='bbox 290 2647 372 2690; x_wconf 84' lang='lat' dir='ltr'><strong>vero</strong></span> <span class='ocrx_word' id='word_1_115' title='bbox 396 2645 510 2711; x_wconf 81' lang='lat' dir='ltr'><strong>reapse</strong></span> <span class='ocrx_word' id='word_1_116' title='bbox 538 2625 585 2688; x_wconf 87' lang='lat' dir='ltr'><strong>lta</strong></span> <span class='ocrx_word' id='word_1_117' title='bbox 612 2625 735 2690; x_wconf 85' lang='lat' dir='ltr'><strong>factum</strong></span> <span class='ocrx_word' id='word_1_118' title='bbox 769 2625 872 2690; x_wconf 85' lang='lat' dir='ltr'><strong>fuisse</strong></span> <span class='ocrx_word' id='word_1_119' title='bbox 899 2629 1097 2713; x_wconf 84' lang='lat' dir='ltr'><strong>persuadent</strong></span> <span class='ocrx_word' id='word_1_120' title='bbox 1123 2630 1242 2694; x_wconf 89' lang='lat' dir='ltr'><strong>insula·</strong></span> 
     </span>
     <span class='ocr_line' id='line_1_22' title="bbox 131 2726 1243 2820; baseline 0.009 -30"><span class='ocrx_word' id='word_1_121' title='bbox 131 2745 206 2790; x_wconf 87' lang='lat' dir='ltr'><strong>rum</strong></span> <span class='ocrx_word' id='word_1_122' title='bbox 233 2735 267 2791; x_wconf 91' lang='lat' dir='ltr'><strong>et</strong></span> <span class='ocrx_word' id='word_1_123' title='bbox 295 2728 512 2816; x_wconf 89' lang='lat' dir='ltr'><strong>emporiorum</strong></span> <span class='ocrx_word' id='word_1_124' title='bbox 540 2735 668 2792; x_wconf 86' lang='lat' dir='ltr'><strong>veteres</strong></span> <span class='ocrx_word' id='word_1_125' title='bbox 697 2726 844 2815; x_wconf 81' lang='lat' dir='ltr'><strong>numi**)</strong></span> <span class='ocrx_word' id='word_1_126' title='bbox 873 2729 1049 2820; x_wconf 90' lang='lat' dir='ltr'><strong>inquibus</strong></span> <span class='ocrx_word' id='word_1_127' title='bbox 1077 2732 1243 2800; x_wconf 83' lang='lat' dir='ltr'><strong>nih&#39;il&#39;fre·</strong></span> 
     </span>
     <span class='ocr_line' id='line_1_23' title="bbox 133 2827 682 2918; baseline 0.002 -26"><span class='ocrx_word' id='word_1_128' title='bbox 133 2828 287 2916; x_wconf 88' lang='lat' dir='ltr'><strong>quentius</strong></span> <span class='ocrx_word' id='word_1_129' title='bbox 311 2827 538 2918; x_wconf 86' lang='lat' dir='ltr'><strong>delphinorum</strong></span> <span class='ocrx_word' id='word_1_130' title='bbox 559 2827 682 2914; x_wconf 84' lang='lat' dir='ltr'><strong>effigie.</strong></span> 
     </span>
    </p>
   </div>
   <div class='ocr_carea' id='block_1_6' title="bbox 217 2889 1245 3020">
    <p class='ocr_par' dir='ltr' id='par_1_13' title="bbox 217 2889 1245 3020">
     <span class='ocr_line' id='line_1_24' title="bbox 217 2889 1245 3020; baseline 0.009 -24"><span class='ocrx_word' id='word_1_131' title='bbox 217 2929 275 2998; x_wconf 82' lang='lat' dir='ltr'><strong>Ex</strong></span> <span class='ocrx_word' id='word_1_132' title='bbox 296 2930 414 3020; x_wconf 86' lang='lat' dir='ltr'><strong>quibus</strong></span> <span class='ocrx_word' id='word_1_133' title='bbox 435 2931 498 2998; x_wconf 91' lang='lat' dir='ltr'><strong>hoc</strong></span> <span class='ocrx_word' id='word_1_134' title='bbox 518 2930 600 2996; x_wconf 91' lang='lat' dir='ltr'><strong>mihi</strong></span> <span class='ocrx_word' id='word_1_135' title='bbox 617 2930 772 3017; x_wconf 85' lang='lat' dir='ltr'><strong>colligere</strong></span> <span class='ocrx_word' id='word_1_136' title='bbox 792 2955 890 3019; x_wconf 86' lang='lat' dir='ltr'><strong>posse</strong></span> <span class='ocrx_word' id='word_1_137' title='bbox 905 2936 1034 3002; x_wconf 86' lang='lat' dir='ltr'><strong>videor:</strong></span> <span class='ocrx_word' id='word_1_138' title='bbox 1052 2940 1149 3014; x_wconf 80' lang='lat' dir='ltr'><strong>fuisse</strong></span> <span class='ocrx_word' id='word_1_139' title='bbox 1168 2889 1245 3004; x_wconf 71' lang='lat' dir='ltr'><strong>allud</strong></span> 
     </span>
    </p>
   </div>
   <div class='ocr_carea' id='block_1_7' title="bbox 89 3069 1251 4542">
    <p class='ocr_par' dir='ltr' id='par_1_14' title="bbox 134 3069 1243 3576">
     <span class='ocr_line' id='line_1_25' title="bbox 203 3069 1243 3140; baseline 0.002 -16.034"><span class='ocrx_word' id='word_1_140' title='bbox 203 3071 311 3140; x_wconf 81' lang='lat'><strong>*)1467</strong></span> <span class='ocrx_word' id='word_1_141' title='bbox 324 3087 400 3139; x_wconf 83' lang='lat' dir='ltr'><strong>seqq.</strong></span> <span class='ocrx_word' id='word_1_142' title='bbox 420 3071 455 3122; x_wconf 82' lang='lat' dir='ltr'><strong>cl</strong></span> <span class='ocrx_word' id='word_1_143' title='bbox 468 3069 566 3122; x_wconf 78' lang='lat' dir='ltr'><strong>Electr.</strong></span> <span class='ocrx_word' id='word_1_144' title='bbox 585 3069 637 3122; x_wconf 82' lang='lat'><strong>433</strong></span> <span class='ocrx_word' id='word_1_145' title='bbox 648 3085 724 3137; x_wconf 90' lang='lat' dir='ltr'><strong>seqq</strong></span> <span class='ocrx_word' id='word_1_146' title='bbox 743 3073 847 3123; x_wconf 85' lang='lat' dir='ltr'><strong>Locum</strong></span> <span class='ocrx_word' id='word_1_147' title='bbox 864 3073 986 3138; x_wconf 86' lang='lat' dir='ltr'><strong>pluribus</strong></span> <span class='ocrx_word' id='word_1_148' title='bbox 1005 3071 1169 3139; x_wconf 82' lang='lat' dir='ltr'><strong>conjdetnris</strong></span> <span class='ocrx_word' id='word_1_149' title='bbox 1185 3079 1243 3126; x_wconf 89' lang='lat' dir='ltr'><strong>ten-</strong></span> 
     </span>
     <span class='ocr_line' id='line_1_26' title="bbox 134 3159 1243 3277; baseline 0.005 -67"><span class='ocrx_word' id='word_1_150' title='bbox 134 3164 176 3211; x_wconf 88' lang='lat' dir='ltr'><strong>tst</strong></span> <span class='ocrx_word' id='word_1_151' title='bbox 194 3161 371 3228; x_wconf 63' lang='lat' dir='ltr'><strong>Maeandrius,</strong></span> <span class='ocrx_word' id='word_1_152' title='bbox 394 3159 451 3212; x_wconf 85' lang='lat' dir='ltr'><strong>vid.</strong></span> <span class='ocrx_word' id='word_1_153' title='bbox 470 3159 548 3211; x_wconf 88' lang='grc' dir='ltr'><strong><em>Τοιιι.</em></strong></span> <span class='ocrx_word' id='word_1_154' title='bbox 568 3159 622 3210; x_wconf 92' lang='grc' dir='ltr'><strong>ΠΙ.</strong></span> <span class='ocrx_word' id='word_1_155' title='bbox 640 3159 708 3225; x_wconf 82' lang='lat' dir='ltr'><strong>Peg</strong></span> <span class='ocrx_word' id='word_1_156' title='bbox 733 3159 793 3212; x_wconf 79' lang='lat'><strong>568.</strong></span> <span class='ocrx_word' id='word_1_157' title='bbox 813 3161 856 3212; x_wconf 87' lang='lat' dir='ltr'><strong>ed.</strong></span> <span class='ocrx_word' id='word_1_158' title='bbox 874 3161 958 3214; x_wconf 87' lang='lat' dir='ltr'><strong>Beck.</strong></span> <span class='ocrx_word' id='word_1_159' title='bbox 980 3164 1026 3228; x_wconf 88' lang='lat' dir='ltr'><strong>qui</strong></span> <span class='ocrx_word' id='word_1_160' title='bbox 1043 3164 1084 3214; x_wconf 89' lang='lat' dir='ltr'><strong>sic</strong></span> <span class='ocrx_word' id='word_1_161' title='bbox 1099 3163 1243 3277; x_wconf 78' lang='lat' dir='ltr'><strong>legendum</strong></span> 
     </span>
     <span class='ocr_line' id='line_1_27' title="bbox 135 3252 602 3300; baseline 0.002 -2"><span class='ocrx_word' id='word_1_162' title='bbox 135 3252 243 3300; x_wconf 84' lang='lat' dir='ltr'><strong>censet:</strong></span> <span class='ocrx_word' id='word_1_163' title='bbox 599 3273 602 3280; x_wconf 95' lang='lat'>·</span> 
     </span>
     <span class='ocr_line' id='line_1_28' title="bbox 241 3318 1244 3402; baseline -0.001 -16"><span class='ocrx_word' id='word_1_164' title='bbox 241 3333 380 3386; x_wconf 75' lang='grc' dir='ltr'><strong><em>Φοίνισσα</em></strong></span> <span class='ocrx_word' id='word_1_165' title='bbox 401 3318 586 3392; x_wconf 52' lang='lat' dir='ltr'><strong>&amp;demde</strong></span> <span class='ocrx_word' id='word_1_166' title='bbox 561 3347 583 3384; x_wconf 87' lang='grc' dir='ltr'><strong>οι</strong></span> <span class='ocrx_word' id='word_1_167' title='bbox 602 3361 638 3372; x_wconf 90' lang='lat'><strong>-·-</strong></span> <span class='ocrx_word' id='word_1_168' title='bbox 658 3323 730 3398; x_wconf 63' lang='lat' dir='ltr'><strong>Toiae’</strong></span> <span class='ocrx_word' id='word_1_169' title='bbox 749 3324 810 3398; x_wconf 78' lang='lat' dir='ltr'><strong>clu,</strong></span> <span class='ocrx_word' id='word_1_170' title='bbox 832 3325 928 3396; x_wconf 74' lang='grc' dir='ltr'><strong><em>ιιῶιια,</em></strong></span> <span class='ocrx_word' id='word_1_171' title='bbox 953 3325 1080 3401; x_wconf 65' lang='grc' dir='ltr'><strong><em>ῥοθίοισι</em></strong></span> <span class='ocrx_word' id='word_1_172' title='bbox 1098 3328 1244 3402; x_wconf 78' lang='grc' dir='ltr'><strong><em>μήτηρ-</em></strong></span> 
     </span>
     <span class='ocr_line' id='line_1_29' title="bbox 242 3415 450 3491; baseline -0.01 -17"><span class='ocrx_word' id='word_1_173' title='bbox 242 3415 362 3491; x_wconf 79' lang='grc' dir='ltr'><strong><em>Ελρισλα</em></strong></span> <span class='ocrx_word' id='word_1_174' title='bbox 379 3419 450 3488; x_wconf 82' lang='grc' dir='ltr'><strong><em>φίλα</em></strong></span> 
     </span>
     <span class='ocr_line' id='line_1_30' title="bbox 137 3493 1167 3576; baseline -0.008 -13"><span class='ocrx_word' id='word_1_175' title='bbox 137 3512 208 3563; x_wconf 72' lang='lat' dir='ltr'><strong>etin</strong></span> <span class='ocrx_word' id='word_1_176' title='bbox 227 3509 418 3576; x_wconf 81' lang='lat' dir='ltr'><strong>sequentibus.</strong></span> <span class='ocrx_word' id='word_1_177' title='bbox 438 3521 508 3558; x_wconf 71' lang='grc' dir='ltr'><strong><em>οταν</em></strong></span> <span class='ocrx_word' id='word_1_178' title='bbox 525 3493 683 3573; x_wconf 69' lang='grc' dir='ltr'><strong><em>αὔραις-</em></strong></span> <span class='ocrx_word' id='word_1_179' title='bbox 646 3495 822 3572; x_wconf 51' lang='grc' dir='ltr'><strong><em>-ωαὲλαρος</em></strong></span> <span class='ocrx_word' id='word_1_180' title='bbox 840 3495 989 3572; x_wconf 65' lang='lat' dir='ltr'><strong>edricum.</strong></span> <span class='ocrx_word' id='word_1_181' title='bbox 1161 3548 1167 3560; x_wconf 84' lang='grc'><em>,</em></span> 
     </span>
    </p>

    <p class='ocr_par' dir='ltr' id='par_1_15' title="bbox 89 3595 1251 4542">
     <span class='ocr_line' id='line_1_31' title="bbox 203 3595 1251 3665; baseline -0.002 -16"><span class='ocrx_word' id='word_1_182' title='bbox 203 3597 249 3665; x_wconf 80' lang='grc'><strong>**)</strong></span> <span class='ocrx_word' id='word_1_183' title='bbox 268 3597 331 3650; x_wconf 85' lang='lat' dir='ltr'><strong>Vid.</strong></span> <span class='ocrx_word' id='word_1_184' title='bbox 349 3597 482 3662; x_wconf 72' lang='lat' dir='ltr'><strong>Sparten.</strong></span> <span class='ocrx_word' id='word_1_185' title='bbox 501 3595 535 3646; x_wconf 85' lang='lat' dir='ltr'><strong>de</strong></span> <span class='ocrx_word' id='word_1_186' title='bbox 560 3595 620 3646; x_wconf 87' lang='lat' dir='ltr'><strong>Usu</strong></span> <span class='ocrx_word' id='word_1_187' title='bbox 644 3600 671 3645; x_wconf 92' lang='lat' dir='ltr'><strong>et</strong></span> <span class='ocrx_word' id='word_1_188' title='bbox 690 3595 798 3646; x_wconf 85' lang='lat' dir='ltr'><strong>Praest.</strong></span> <span class='ocrx_word' id='word_1_189' title='bbox 818 3596 950 3646; x_wconf 82' lang='lat' dir='ltr'><strong>Numism.</strong></span> <span class='ocrx_word' id='word_1_190' title='bbox 972 3596 1050 3646; x_wconf 82' lang='lat' dir='ltr'><strong>Tom.</strong></span> <span class='ocrx_word' id='word_1_191' title='bbox 1070 3595 1093 3645; x_wconf 95' lang='grc' dir='ltr'><strong>Ι.</strong></span> <span class='ocrx_word' id='word_1_192' title='bbox 1109 3596 1178 3661; x_wconf 73' lang='lat' dir='ltr'><strong>rag.</strong></span> <span class='ocrx_word' id='word_1_193' title='bbox 1192 3597 1251 3647; x_wconf 67' lang='grc'><strong>222</strong></span> 
     </span>
     <span class='ocr_line' id='line_1_32' title="bbox 138 3682 1244 3752; baseline -0.004 -15"><span class='ocrx_word' id='word_1_194' title='bbox 138 3701 196 3752; x_wconf 86' lang='lat' dir='ltr'><strong>sqq.</strong></span> <span class='ocrx_word' id='word_1_195' title='bbox 218 3713 250 3722; x_wconf 92' lang='lat'>-</span> <span class='ocrx_word' id='word_1_196' title='bbox 271 3687 417 3752; x_wconf 86' lang='lat' dir='ltr'><strong>praecipue</strong></span> <span class='ocrx_word' id='word_1_197' title='bbox 433 3685 531 3736; x_wconf 76' lang='grc' dir='ltr'><strong><em>Εολλιλ</em></strong></span> <span class='ocrx_word' id='word_1_198' title='bbox 548 3685 584 3736; x_wconf 86' lang='lat' dir='ltr'><strong>D.</strong></span> <span class='ocrx_word' id='word_1_199' title='bbox 602 3683 637 3736; x_wconf 82' lang='lat' dir='ltr'><strong>N.</strong></span> <span class='ocrx_word' id='word_1_200' title='bbox 657 3684 690 3736; x_wconf 90' lang='lat' dir='ltr'><strong>V.</strong></span> <span class='ocrx_word' id='word_1_201' title='bbox 714 3684 761 3735; x_wconf 87' lang='lat' dir='ltr'><strong>ubi</strong></span> <span class='ocrx_word' id='word_1_202' title='bbox 778 3685 855 3734; x_wconf 83' lang='lat' dir='ltr'><strong>Part.</strong></span> <span class='ocrx_word' id='word_1_203' title='bbox 873 3684 896 3734; x_wconf 95' lang='grc' dir='ltr'><strong>Ι.</strong></span> <span class='ocrx_word' id='word_1_204' title='bbox 916 3682 977 3734; x_wconf 86' lang='lat' dir='ltr'><strong>Vol.</strong></span> <span class='ocrx_word' id='word_1_205' title='bbox 990 3683 1029 3734; x_wconf 89' lang='lat'><strong>11.</strong></span> <span class='ocrx_word' id='word_1_206' title='bbox 1049 3682 1118 3749; x_wconf 77' lang='lat' dir='ltr'><strong>Peg.</strong></span> <span class='ocrx_word' id='word_1_207' title='bbox 1134 3683 1195 3736; x_wconf 86' lang='grc'><strong>322.</strong></span> <span class='ocrx_word' id='word_1_208' title='bbox 1215 3685 1244 3734; x_wconf 88' lang='lat' dir='ltr'><strong>in</strong></span> 
     </span>
     <span class='ocr_line' id='line_1_33' title="bbox 138 3768 1246 3839; baseline -0.004 -15"><span class='ocrx_word' id='word_1_209' title='bbox 138 3773 324 3839; x_wconf 74' lang='lat' dir='ltr'><strong>Carystiorum</strong></span> <span class='ocrx_word' id='word_1_210' title='bbox 335 3771 456 3824; x_wconf 76' lang='lat' dir='ltr'><strong>Euboeae</strong></span> <span class='ocrx_word' id='word_1_211' title='bbox 471 3772 560 3822; x_wconf 88' lang='lat' dir='ltr'><strong>numis</strong></span> <span class='ocrx_word' id='word_1_212' title='bbox 575 3785 659 3834; x_wconf 76' lang='lat' dir='ltr'><strong>prora</strong></span> <span class='ocrx_word' id='word_1_213' title='bbox 676 3773 757 3822; x_wconf 81' lang='grc' dir='ltr'><strong><em>ιιαολι.</em></strong></span> <span class='ocrx_word' id='word_1_214' title='bbox 775 3770 846 3821; x_wconf 85' lang='lat' dir='ltr'><strong>Ibid.</strong></span> <span class='ocrx_word' id='word_1_215' title='bbox 866 3771 934 3837; x_wconf 82' lang='lat' dir='ltr'><strong>Peg.</strong></span> <span class='ocrx_word' id='word_1_216' title='bbox 946 3768 1007 3820; x_wconf 81' lang='grc'><strong>239.</strong></span> <span class='ocrx_word' id='word_1_217' title='bbox 1025 3771 1054 3819; x_wconf 85' lang='grc' dir='ltr'><strong>λιι</strong></span> <span class='ocrx_word' id='word_1_218' title='bbox 1064 3769 1246 3821; x_wconf 63' lang='lat' dir='ltr'><strong>miletum</strong></span> 
     </span>
     <span class='ocr_line' id='line_1_34' title="bbox 137 3857 1244 3927; baseline -0.002 -17"><span class='ocrx_word' id='word_1_219' title='bbox 137 3875 217 3912; x_wconf 87' lang='lat' dir='ltr'><strong>numo</strong></span> <span class='ocrx_word' id='word_1_220' title='bbox 240 3861 384 3927; x_wconf 80' lang='lat' dir='ltr'><strong>Neptunus</strong></span> <span class='ocrx_word' id='word_1_221' title='bbox 407 3865 500 3924; x_wconf 83' lang='lat' dir='ltr'><strong>stans,</strong></span> <span class='ocrx_word' id='word_1_222' title='bbox 525 3858 620 3910; x_wconf 87' lang='lat' dir='ltr'><strong>dextra</strong></span> <span class='ocrx_word' id='word_1_223' title='bbox 645 3857 784 3922; x_wconf 76' lang='lat' dir='ltr'><strong>delphinum</strong></span> <span class='ocrx_word' id='word_1_224' title='bbox 804 3875 827 3911; x_wconf 86' lang='lat' dir='ltr'><strong>s.</strong></span> <span class='ocrx_word' id='word_1_225' title='bbox 845 3857 1002 3919; x_wconf 71' lang='lat' dir='ltr'><strong>tridentem</strong></span> <span class='ocrx_word' id='word_1_226' title='bbox 1026 3859 1056 3908; x_wconf 89' lang='lat' dir='ltr'><strong>in</strong></span> <span class='ocrx_word' id='word_1_227' title='bbox 1079 3857 1133 3908; x_wconf 84' lang='lat' dir='ltr'><strong>alio</strong></span> <span class='ocrx_word' id='word_1_228' title='bbox 1149 3858 1244 3909; x_wconf 78' lang='lat' dir='ltr'><strong>corin·</strong></span> 
     </span>
     <span class='ocr_line' id='line_1_35' title="bbox 89 3946 1246 4022; baseline -0.005 -20"><span class='ocrx_word' id='word_1_229' title='bbox 89 3993 90 4002; x_wconf 70' lang='grc'>,</span> <span class='ocrx_word' id='word_1_230' title='bbox 139 3948 255 4000; x_wconf 85' lang='lat' dir='ltr'><strong>thiorum</strong></span> <span class='ocrx_word' id='word_1_231' title='bbox 272 3963 367 4000; x_wconf 80' lang='lat' dir='ltr'><strong>numo:</strong></span> <span class='ocrx_word' id='word_1_232' title='bbox 386 3949 430 4000; x_wconf 78' lang='lat' dir='ltr'><strong>vir</strong></span> <span class='ocrx_word' id='word_1_233' title='bbox 449 3947 536 3999; x_wconf 84' lang='lat' dir='ltr'><strong>nudus</strong></span> <span class='ocrx_word' id='word_1_234' title='bbox 554 3951 644 4012; x_wconf 86' lang='lat' dir='ltr'><strong>stans,</strong></span> <span class='ocrx_word' id='word_1_235' title='bbox 660 3946 966 4022; x_wconf 63' lang='lat' dir='ltr'><strong>deutra&#39;pnoemueulscn</strong></span> <span class='ocrx_word' id='word_1_236' title='bbox 979 3950 1032 3997; x_wconf 90' lang='lat' dir='ltr'><strong>etc.</strong></span> <span class='ocrx_word' id='word_1_237' title='bbox 1069 3947 1112 3998; x_wconf 76' lang='lat' dir='ltr'><strong>Ex</strong></span> <span class='ocrx_word' id='word_1_238' title='bbox 1130 3961 1183 4012; x_wconf 89' lang='lat' dir='ltr'><strong>quo</strong></span> <span class='ocrx_word' id='word_1_239' title='bbox 1199 3961 1246 4012; x_wconf 78' lang='lat' dir='ltr'><strong>ps·</strong></span> 
     </span>
     <span class='ocr_line' id='line_1_36' title="bbox 139 4033 1247 4102; baseline -0.003 -14"><span class='ocrx_word' id='word_1_240' title='bbox 139 4041 189 4088; x_wconf 77' lang='lat' dir='ltr'><strong>tet:</strong></span> <span class='ocrx_word' id='word_1_241' title='bbox 216 4037 320 4088; x_wconf 77' lang='lat' dir='ltr'><strong>uariari</strong></span> <span class='ocrx_word' id='word_1_242' title='bbox 337 4037 367 4088; x_wconf 89' lang='grc' dir='ltr'><strong>λιι</strong></span> <span class='ocrx_word' id='word_1_243' title='bbox 383 4033 426 4087; x_wconf 84' lang='lat' dir='ltr'><strong>his</strong></span> <span class='ocrx_word' id='word_1_244' title='bbox 444 4037 498 4100; x_wconf 89' lang='lat' dir='ltr'><strong>ita,</strong></span> <span class='ocrx_word' id='word_1_245' title='bbox 521 4040 551 4086; x_wconf 89' lang='lat' dir='ltr'><strong>ut</strong></span> <span class='ocrx_word' id='word_1_246' title='bbox 570 4052 641 4086; x_wconf 87' lang='lat' dir='ltr'><strong>nunc</strong></span> <span class='ocrx_word' id='word_1_247' title='bbox 664 4037 742 4086; x_wconf 77' lang='lat' dir='ltr'><strong>navia</strong></span> <span class='ocrx_word' id='word_1_248' title='bbox 762 4053 825 4102; x_wconf 89' lang='lat' dir='ltr'><strong>pars</strong></span> <span class='ocrx_word' id='word_1_249' title='bbox 845 4035 888 4086; x_wconf 83' lang='lat' dir='ltr'><strong>vel</strong></span> <span class='ocrx_word' id='word_1_250' title='bbox 909 4037 1118 4086; x_wconf 80' lang='lat' dir='ltr'><strong>instrumentum</strong></span> <span class='ocrx_word' id='word_1_251' title='bbox 1135 4035 1247 4101; x_wconf 78' lang='lat' dir='ltr'><strong>nariga-</strong></span> 
     </span>
     <span class='ocr_line' id='line_1_37' title="bbox 140 4123 1248 4189; baseline -0.001 -16"><span class='ocrx_word' id='word_1_252' title='bbox 140 4126 250 4189; x_wconf 84' lang='lat' dir='ltr'><strong>toriurn,</strong></span> <span class='ocrx_word' id='word_1_253' title='bbox 267 4138 340 4176; x_wconf 89' lang='lat' dir='ltr'><strong>nunc</strong></span> <span class='ocrx_word' id='word_1_254' title='bbox 358 4123 500 4189; x_wconf 81' lang='lat' dir='ltr'><strong>delphinus</strong></span> <span class='ocrx_word' id='word_1_255' title='bbox 518 4127 645 4188; x_wconf 88' lang='lat' dir='ltr'><strong>ponatur.</strong></span> <span class='ocrx_word' id='word_1_256' title='bbox 681 4123 781 4173; x_wconf 87' lang='lat' dir='ltr'><strong>Verum</strong></span> <span class='ocrx_word' id='word_1_257' title='bbox 804 4138 838 4172; x_wconf 91' lang='lat' dir='ltr'><strong>ne</strong></span> <span class='ocrx_word' id='word_1_258' title='bbox 854 4123 956 4174; x_wconf 82' lang='lat' dir='ltr'><strong>multa:</strong></span> <span class='ocrx_word' id='word_1_259' title='bbox 978 4123 1007 4172; x_wconf 85' lang='lat' dir='ltr'><strong>ln</strong></span> <span class='ocrx_word' id='word_1_260' title='bbox 1025 4123 1164 4174; x_wconf 76' lang='lat' dir='ltr'><strong>Messanae</strong></span> <span class='ocrx_word' id='word_1_261' title='bbox 1182 4123 1248 4173; x_wconf 77' lang='lat' dir='ltr'><strong>Siei-</strong></span> 
     </span>
     <span class='ocr_line' id='line_1_38' title="bbox 142 4209 1246 4278; baseline -0.002 -17"><span class='ocrx_word' id='word_1_262' title='bbox 142 4211 192 4262; x_wconf 84' lang='lat' dir='ltr'><strong>liae</strong></span> <span class='ocrx_word' id='word_1_263' title='bbox 210 4213 300 4263; x_wconf 84' lang='lat' dir='ltr'><strong>numis</strong></span> <span class='ocrx_word' id='word_1_264' title='bbox 318 4211 441 4278; x_wconf 88' lang='lat' dir='ltr'><strong>pluribus</strong></span> <span class='ocrx_word' id='word_1_265' title='bbox 455 4211 586 4276; x_wconf 70' lang='grc' dir='ltr'><strong><em>σιλολλιιιιι</em></strong></span> <span class='ocrx_word' id='word_1_266' title='bbox 603 4209 778 4275; x_wconf 85' lang='lat' dir='ltr'><strong>conspicitur,</strong></span> <span class='ocrx_word' id='word_1_267' title='bbox 798 4209 854 4264; x_wconf 85' lang='lat' dir='ltr'><strong>rid.</strong></span> <span class='ocrx_word' id='word_1_268' title='bbox 869 4210 940 4262; x_wconf 86' lang='lat' dir='ltr'><strong>Ibid.</strong></span> <span class='ocrx_word' id='word_1_269' title='bbox 960 4211 992 4263; x_wconf 79' lang='grc' dir='ltr'><strong>Ρ.</strong></span> <span class='ocrx_word' id='word_1_270' title='bbox 1011 4209 1036 4260; x_wconf 90' lang='grc' dir='ltr'><strong>Ῑ.</strong></span> <span class='ocrx_word' id='word_1_271' title='bbox 1056 4209 1117 4262; x_wconf 85' lang='lat' dir='ltr'><strong>Vol.</strong></span> <span class='ocrx_word' id='word_1_272' title='bbox 1135 4211 1159 4260; x_wconf 88' lang='lat'><strong>1.</strong></span> <span class='ocrx_word' id='word_1_273' title='bbox 1178 4211 1246 4274; x_wconf 75' lang='lat' dir='ltr'><strong>Peg.</strong></span> 
     </span>
     <span class='ocr_line' id='line_1_39' title="bbox 142 4295 1249 4367; baseline -0.003 -17"><span class='ocrx_word' id='word_1_274' title='bbox 142 4299 189 4350; x_wconf 79' lang='lat'><strong>219</strong></span> <span class='ocrx_word' id='word_1_275' title='bbox 207 4315 285 4367; x_wconf 87' lang='lat' dir='ltr'><strong>seqq.</strong></span> <span class='ocrx_word' id='word_1_276' title='bbox 309 4297 356 4350; x_wconf 85' lang='lat' dir='ltr'><strong>ubi</strong></span> <span class='ocrx_word' id='word_1_277' title='bbox 379 4298 419 4348; x_wconf 89' lang='lat' dir='ltr'><strong>sic</strong></span> <span class='ocrx_word' id='word_1_278' title='bbox 435 4295 533 4348; x_wconf 77' lang='lat' dir='ltr'><strong>Bclelcl</strong></span> <span class='ocrx_word' id='word_1_279' title='bbox 551 4298 620 4363; x_wconf 75' lang='lat' dir='ltr'><strong>Peg.</strong></span> <span class='ocrx_word' id='word_1_280' title='bbox 637 4299 697 4350; x_wconf 86' lang='grc'><strong>220.</strong></span> <span class='ocrx_word' id='word_1_281' title='bbox 722 4305 821 4365; x_wconf 66' lang='lat' dir='ltr'><strong>„typus</strong></span> <span class='ocrx_word' id='word_1_282' title='bbox 843 4299 954 4362; x_wconf 70' lang='lat' dir='ltr'><strong>delphini</strong></span> <span class='ocrx_word' id='word_1_283' title='bbox 967 4299 1053 4348; x_wconf 81' lang='lat' dir='ltr'><strong>artem</strong></span> <span class='ocrx_word' id='word_1_284' title='bbox 1071 4304 1139 4348; x_wconf 80' lang='lat' dir='ltr'><strong>certe</strong></span> <span class='ocrx_word' id='word_1_285' title='bbox 1155 4299 1249 4347; x_wconf 74' lang='grc' dir='ltr'><strong><em>αονίιλ-</em></strong></span> 
     </span>
     <span class='ocr_line' id='line_1_40' title="bbox 139 4383 1249 4450; baseline 0 -14"><span class='ocrx_word' id='word_1_286' title='bbox 139 4402 197 4436; x_wconf 83' lang='lat' dir='ltr'><strong>mcm</strong></span> <span class='ocrx_word' id='word_1_287' title='bbox 224 4387 333 4444; x_wconf 83' lang='lat' dir='ltr'><strong>notat‚·“</strong></span> <span class='ocrx_word' id='word_1_288' title='bbox 363 4389 394 4436; x_wconf 92' lang='lat' dir='ltr'><strong>ut</strong></span> <span class='ocrx_word' id='word_1_289' title='bbox 407 4383 467 4450; x_wconf 82' lang='lat' dir='ltr'><strong>jam</strong></span> <span class='ocrx_word' id='word_1_290' title='bbox 488 4385 678 4437; x_wconf 75' lang='lat' dir='ltr'><strong>Tarentinorum</strong></span> <span class='ocrx_word' id='word_1_291' title='bbox 701 4401 797 4437; x_wconf 83' lang='lat' dir='ltr'><strong>numos</strong></span> <span class='ocrx_word' id='word_1_292' title='bbox 814 4388 939 4437; x_wconf 87' lang='lat' dir='ltr'><strong>omittam</strong></span> <span class='ocrx_word' id='word_1_293' title='bbox 956 4386 985 4435; x_wconf 90' lang='grc' dir='ltr'><strong>λιι</strong></span> <span class='ocrx_word' id='word_1_294' title='bbox 1006 4385 1103 4450; x_wconf 83' lang='lat' dir='ltr'><strong>quibus</strong></span> <span class='ocrx_word' id='word_1_295' title='bbox 1122 4385 1249 4450; x_wconf 83' lang='lat' dir='ltr'><strong>frequens</strong></span> 
     </span>
     <span class='ocr_line' id='line_1_41' title="bbox 139 4469 1249 4542; baseline -0.003 -16"><span class='ocrx_word' id='word_1_296' title='bbox 139 4475 176 4526; x_wconf 80' lang='lat' dir='ltr'><strong>etr</strong></span> <span class='ocrx_word' id='word_1_297' title='bbox 196 4474 279 4527; x_wconf 78' lang='lat' dir='ltr'><strong>nudus</strong></span> <span class='ocrx_word' id='word_1_298' title='bbox 297 4472 414 4539; x_wconf 70' lang='grc' dir='ltr'><strong><em>σιφλσιιο</em></strong></span> <span class='ocrx_word' id='word_1_299' title='bbox 435 4481 533 4538; x_wconf 70' lang='lat' dir='ltr'><strong>recisa,</strong></span> <span class='ocrx_word' id='word_1_300' title='bbox 558 4472 687 4542; x_wconf 82' lang='lat' dir='ltr'><strong>quoniam</strong></span> <span class='ocrx_word' id='word_1_301' title='bbox 707 4472 750 4525; x_wconf 85' lang='lat' dir='ltr'><strong>his</strong></span> <span class='ocrx_word' id='word_1_302' title='bbox 778 4473 888 4541; x_wconf 85' lang='lat' dir='ltr'><strong>quidem</strong></span> <span class='ocrx_word' id='word_1_303' title='bbox 916 4469 1139 4526; x_wconf 83' lang='lat' dir='ltr'><strong>orbis&#39;conditor</strong></span> <span class='ocrx_word' id='word_1_304' title='bbox 1162 4473 1249 4525; x_wconf 82' lang='lat' dir='ltr'><strong>Taras</strong></span> 
     </span>
    </p>
   </div>
   <div class='ocr_carea' id='block_1_8' title="bbox 191 4555 1151 4648">
    <p class='ocr_par' dir='ltr' id='par_1_16' title="bbox 191 4555 1151 4648">
     <span class='ocr_line' id='line_1_42' title="bbox 191 4555 1151 4648; baseline -0.01 -26"><span class='ocrx_word' id='word_1_305' title='bbox 191 4577 307 4623; x_wconf 76' lang='lat' dir='ltr'><strong>mur.</strong></span> <span class='ocrx_word' id='word_1_306' title='bbox 331 4576 448 4623; x_wconf 77' lang='lat' dir='ltr'><strong>croso.</strong></span> <span class='ocrx_word' id='word_1_307' title='bbox 578 4604 587 4626; x_wconf 90' lang='lat'><strong>.</strong></span> <span class='ocrx_word' id='word_1_308' title='bbox 1033 4555 1053 4613; x_wconf 85' lang='lat'><em>2</em></span> <span class='ocrx_word' id='word_1_309' title='bbox 1146 4642 1151 4648; x_wconf 26' lang='grc' dir='ltr'><strong><em>Ι</em></strong></span> 
     </span>
    </p>
   </div>
   <div class='ocr_carea' id='block_1_9' title="bbox 0 0 1602 5192">
    <p class='ocr_par' dir='ltr' id='par_1_17' title="bbox 0 0 1602 5192">
     <span class='ocr_line' id='line_1_43' title="bbox 0 0 1602 5192; baseline 0 0"><span class='ocrx_word' id='word_1_310' title='bbox 0 0 1602 5192; x_wconf 95' lang='lat' dir='ltr'><strong> </strong></span> 
     </span>
    </p>
   </div>
  </div>
 </body>
</html>
