3167 5192
1220 524 1364 634 91,

142 678 313 786 judicatus
335 704 385 772 est
406 697 599 784 dignitatem
625 695 770 762 heroum.
815 695 860 760 Et
881 695 1015 785 Apellis
1033 695 1122 798 illius
1145 709 1262 786 acqua·

147 801 218 866 lem¹
233 799 365 866 Niciam
383 820 477 866 suum
499 799 684 866 habuemnt
702 798 869 885 Athenae,
890 809 928 865 ut
948 798 1029 864 alios
1049 807 1261 887 praeteream,

148 903 203 992 qui
237 907 355 989 postea
388 925 517 992 quoque
550 900 690 967 floruere
715 899 857 989 plurimi.
909 901 1060 988 Longum
1087 909 1136 966 est
1165 901 1261 984 enim,
1296 899 1298 908 ’

146 1025 257 1092 neque
280 1025 432 1090 necesse,
462 1003 608 1090 singulos
637 1023 833 1088 memorare,
862 1005 918 1094 qui
944 1003 998 1069 vel
1026 1003 1165 1069 Athenis
1193 1003 1262 1084 nati

147 1107 280 1193 pictura
301 1105 532 1197 sculpturaque
552 1113 584 1172 et
605 1105 678 1171 aliis
701 1106 827 1171 artibus
847 1105 1049 1188 claruerunt,
1067 1105 1122 1170 vel
1139 1105 1262 1170 ibidem

148 1207 308 1293 degentes
336 1226 379 1273 ex
404 1209 524 1274 Atticis
549 1211 693 1274 maxime
724 1207 823 1273 rebus
850 1226 983 1296 operum
1010 1229 1141 1273 suorum
1167 1227 1262 1293 argu-

147 1317 261 1373 menta
281 1310 462 1376 duxerunt:
490 1312 621 1400 quando
642 1331 738 1377 nemo
761 1311 911 1376 dubitare
933 1317 1055 1396 potest,
1084 1310 1163 1398 quin
1181 1309 1263 1374 haec

147 1410 230 1476 urbs
260 1409 378 1477 harum
405 1415 524 1479 artium
551 1414 670 1504 partlm
689 1413 860 1500 repererit,
888 1413 1006 1500 partim
1031 1412 1187 1479 honorem
1208 1413 1264 1476 iis·
1338 1421 1341 1428 '

148 1513 234 1595 dem,
254 1513 324 1576 vim
346 1523 443 1605 atque
457 1517 659 1582 incrementa
677 1513 861 1580 contulerit.

236 1613 284 1678 Et
304 1619 577 1702 quemadmodum
599 1616 787 1704 Polycletus
810 1635 1051 1681 consummasse
1067 1623 1170 1682 artem
1185 1615 1263 1681 dici·
1314 1702 1316 1708 Α

148 1725 204 1782 tur
231 1719 479 1807 toreuticenque
508 1719 683 1804 erudiisse,
710 1719 846 1784 Phidias
874 1726 983 1783 autem
1005 1711 1191 1806 aperuisse:
1218 1717 1288 1782 ita*

148 1819 211 1884 hac
232 1819 309 1906 ipsa
325 1829 436 1892 amate
461 1822 594 1910 po'esin,
623 1843 721 1912 quam
745 1829 919 1908 aperuerat
940 1819 1178 1909 quodammodo
1197 1819 1264 1884 Hc-

148 1938 276 2006 merus,
304 1923 371 1987 suis
396 1925 541 1990 numeris
572 1923 711 2012 perfecit
737 1921 943 2012 absolvitque
966 1922 1143 2010 Sophocles
1164 1921 1264 1990 Athe-

148 2024 288 2088 niensis.
337 2025 448 2114 thue
479 2025 641 2115 Polycleti
673 2047 799 2091 canona
824 2015 991 2092 imitando'
1010 2025 1176 2113 Lysippus
1209 2045 1264 2088 ex·

148 2125 294 2211 primere
318 2127 457 2192 studuit:
478 2129 527 2193 sic
541 2130 585 2195 ad
601 2127 771 2216 Sophoclis
786 2127 1033 2215 aequaliumque
1050 2128 1265 2192 imitationem

149 2228 293 2313 optimus
323 2229 460 2317 quisque
483 2232 701 2317 posteriorum
729 2239 899 2318 poetarum
921 2251 956 2294 se
978 2229 1125 2294 contulit.
1168 2229 1265 2293 Prior

148 2335 262 2393 tamen
289 2327 451 2416 Sophocle
477 2332 661 2421 Aeschylus
687 2332 905 2418 tragoediam,
934 2331 1129 2396 inchoatam·
1145 2331 1264 2395 iudea

148 2431 319 2519 Thespide
340 2433 570 2523 rudioremque
591 2435 699 2500 adhuc
711 2428 864 2500 'excoluit
886 2435 980 2523 eique
1000 2433 1193 2520 dignitatem
1209 2431 1264 2500 sd*
1363 2459 1366 2479 ·

150 2534 247 2601 didit.
293 2534 374 2620 Qui,
398 2544 435 2600 ut
459 2537 532 2625 ipso
559 2537 602 2605 ad
622 2537 850 2603 Marathonem
881 2535 1109 2623 solaminaque
1138 2543 1171 2624 et
1191 2533 1265 2599 Pla·
1397 2527 1407 2602 ,’

148 2647 259 2705 taeam
281 2649 341 2728 pro
362 2639 471 2726 patria
490 2639 682 2724 decertaret,
703 2641 750 2705 ita
762 2639 939 2704 Persarum
960 2637 1088 2703 cladem
1108 2637 1143 2700 in
1165 2637 1265 2702 soant

148 2741 320 2826 exhibuit,
353 2743 466 2828 ‘gravis
494 2745 669 2832 praecipue
706 2742 920 2829 sublimisque
954 2748 987 2805 et
1018 2737 1264 2826 grandiloquus.

149 2843 237 2932 Ejus
267 2843 488 2929 granditatem
513 2847 643 2933 excepit
668 2843 839 2932 Sophoclis
870 2842 1026 2908 facundia
1052 2850 1086 2908 et
1105 2841 1266 2929 sapientis
1399 2921 1405 2934 .
1484 2802 1487 2810 Ι

148 2945 339 3034 Euripidis,
369 2967 507 3036 quorum
535 2947 592 3012 ille
618 2968 685 3014 non
707 2949 815 3012 minus
839 2945 987 3010 sublimis
1010 2951 1043 3009 et
1063 2963 1211 3008 sermone
1233 2951 1281 3033 et·

149 3047 336 3132 sententiis,
358 3044 446 3113 idem
466 3053 577 3114 umen
599 3049 737 3138 expoliit
755 3049 843 3137 quod
861 3047 942 3113 rude
964 3054 997 3111 et
1017 3045 1265 3133 incompositum

93 3181 97 3188 ·
149 3153 187 3216 in
203 3149 372 3239 Aeschylo
393 3151 570 3218 resederat.
599 3153 707 3240 Atque
728 3152 763 3214 in
784 3150 847 3214 hoc
866 3150 1008 3216 maxime
1023 3149 1189 3236 cognitum
1205 3155 1264 3230 cst,

150 3251 233 3342 quid
261 3252 306 3315 sit
329 3250 427 3337 illud,
459 3254 632 3340 tragoedis
659 3254 758 3318 animi
782 3253 1010 3340 'purgationem
1038 3251 1162 3340 perfici.
1206 3249 1264 3316 Et·
1343 3307 1347 3320 ,

149 3357 241 3421 ‘enim
265 3376 339 3419 cum
359 3357 468 3421 virum
487 3357 606 3422 fortem
628 3356 790 3439 videmus,
818 3377 892 3419 cum
918 3353 1005 3420 malt
1025 3354 1159 3420 locunt.
1179 3371 1264 3418 com·

148 3457 311 3544 positum,
342 3458 378 3522 in
400 3449 482 3548 'ipso
512 3457 626 3525 mortis
654 3459 790 3524 articulo
819 3457 892 3522 sibi'
910 3464 1126 3539 constantem,
1158 3473 1265 3544 nequo

150 3561 294 3626 tremum
314 3559 448 3626 fortuna
466 3561 640 3627 concidere
662 3564 784 3646 animo,
807 3560 872 3626 'sad
893 3578 1020 3626 suusum
1039 3567 1186 3646 spectare
1207 3559 1264 3624 im·

150 3661 326 3727 mobilem:
348 3664 495 3728 nascitur
514 3665 551 3728 in
572 3665 689 3730 animis
714 3665 835 3730 nostris
858 3661 955 3728 simul
969 3683 1041 3728 curn
1056 3661 1265 3726 miseratione

149 3763 209 3830 ille
241 3771 359 3829 sensus
390 3765 618 3851 humanitatis,
654 3767 710 3854 qui
741 3765 784 3830 ab
813 3766 900 3831 omni
927 3763 1109 3832 humilitate
1138 3761 1265 3828 alienus

150 3869 396 3956 nosmetipsos
422 3867 488 3934 alte
517 3878 665 3958 spectare
691 3869 800 3953 docet,
832 3875 944 3956 utpote
977 3867 1109 3933 divinae
1129 3875 1265 3932 neutrae

152 3979 310 4060 cognatos
350 3972 587 4060 quodammodo
624 3979 721 4060 atque
757 3973 962 4058 conjunctos.
1022 3969 1127 4036 Nemo
1158 3979 1266 4034 autem

151 4075 409 4142 commovendas
432 4077 651 4142 miserationis
676 4076 782 4162 major
807 4073 929 4140 artifex
950 4075 1076 4140 exstitit
1095 4071 1270 4160 Euripide,

151 4179 209 4266 qui
235 4177 463 4267 philosophiae
490 4178 633 4245 fructum
659 4179 836 4266 divinaque
864 4177 1083 4265 Anaxagorae
1105 4175 1263 4243 Socratis·
1309 4203 1311 4208 ·

150 4302 215 4371 que
241 4281 366 4369 placita
392 4282 429 4346 in
456 4301 575 4348 scenae
603 4283 764 4348 actionem
789 4281 945 4348 traduxit.
996 4283 1111 4368 Itaque
1143 4273 1264 4342 fabulis

152 4387 399 4472 animorumque
419 4385 562 4451 motibus
584 4384 755 4472 tragoedia
775 4400 846 4450 eam
863 4385 1012 4452 fraudem
1023 4385 1101 4450 fecit
1114 4380 1264 4465 Athenis,

88 4502 89 4517 ¹
152 4510 233 4579 qua,
254 4497 293 4555 ut
311 4491 480 4576 praeclare
500 4487 631 4555 dicebat
650 4489 808 4578 Gergias,
832 4499 902 4574 „et,
924 4489 980 4576 qui
1002 4485 1176 4575 deciperet,
1198 4503 1266 4553 uon
