3167 5192
1166 536 1171 551 ·
1238 504 1305 572 147.

176 666 336 752 Quarum
355 669 482 758 largam
506 672 539 740 ei
554 672 724 737 materiam
739 668 1008 739 subministrabat
1027 607 1297 758 Anglobum=uer-

175 774 303 839 nacula
322 796 423 840 versa
441 773 580 841 historia
592 774 800 859 universalis,
823 796 959 863 quorum
980 775 1181 841 voluminum
1197 774 1295 849 besta
1428 822 1430 827 .

174 878 282 965 copia
308 876 505 945 beluabetur
524 877 660 964 puerilis
685 881 826 945 animus.
869 878 1045 945 Praeterea
1063 877 1296 967 perplaeebent

174 976 336 1045 &launi
349 1000 413 1065 ree,
429 981 616 1067 germanico
633 980 742 1070 aliquo
762 980 847 1047 libro
863 982 1040 1069 expositae.
1084 981 1198 1069 Neque
1216 1002 1294 1049 vero

175 1082 294 1148 minus
315 1082 437 1149 Noster
458 1083 681 1150 delectabatur
700 1086 741 1149 iis
760 1087 907 1173 seriptis,
927 1106 1010 1173 quae
1031 1092 1184 1171 vegetum
1204 1084 1293 1168 inge-

176 1184 276 1249 nium
296 1188 333 1250 in
350 1186 466 1252 vivido
486 1194 617 1275 pectore
637 1189 754 1273 vigens
774 1187 944 1274 religionis
964 1187 1135 1253 sanctitate
1152 1188 1294 1274 penitius

173 1286 386 1373 imbuerent,
412 1288 609 1377 pietatisque
633 1288 822 1355 felicitatem
850 1290 1030 1377 imaginum
1052 1289 1160 1356 colore
1189 1289 1295 1361 varie-

174 1396 318 1477 tateque
339 1389 454 1454 intimo
471 1391 582 1455 sensui
600 1398 892 1476 repraesentarent,
914 1390 1006 1461 velut
1026 1390 1083 1459 ille
1103 1390 1234 1461 Arndtii
1258 1383 1294 1465 li-

174 1489 307 1577 hellus,
320 1493 387 1579 ·qui
406 1491 558 1557 Paradisi
578 1489 727 1557 hortulus
748 1492 948 1559 inscribitur.
1149 1575 1152 1585 Ι
1270 1575 1273 1583 .

268 1592 423 1661 Ceterum
449 1618 470 1659 a
497 1593 567 1661 ludi
585 1596 685 1682 patrii
712 1595 978 1683 praeceptoribus
999 1604 1125 1663 tantum
1146 1594 1295 1684 profecit,

174 1706 307 1763 utnon
327 1698 424 1764 modo
445 1696 539 1763 latini
564 1698 722 1763 sermonis
745 1700 930 1765 rudimenta
950 1700 985 1765 in
1006 1709 1175 1767 numerato
1196 1698 1294 1772 habe-

175 1810 247 1884 ret,
280 1801 527 1865 verumetiam
556 1800 695 1866 eundem
724 1802 894 1868 commode
927 1803 1007 1869 satis
1035 1802 1202 1869 scriberet.
1253 1801 1294 1871 In

175 1902 312 1988 grecis
333 1924 398 1991 quo
417 1903 526 1969 miuus
547 1924 650 1990 aeque
667 1903 854 1989 proficeret,
875 1905 1046 1993 impedivit
1067 1926 1225 1993 peruersa
1245 1907 1292 1971 iu·'

175 2005 341 2071 stituendi
365 2006 464 2089 ratio,
492 2004 586 2092 eujus
613 2028 634 2069 a
660 2004 749 2070 Novi
774 2005 975 2073 Testamenti
1003 2007 1142 2077 lectione
1162 2009 1290 2079 isitium
1318 1996 1320 2013 ⁵

178 2108 373 2192 duceretur,
393 2130 491 2197 quem
511 2107 632 2175 librum
651 2106 708 2173 ille
728 2118 799 2174 tum
818 2109 950 2197 quidem
969 2110 1012 2177 ad
1032 2112 1115 2178 fatui
1135 2112 1291 2207 interprp-

174 2212 223 2276 tis
254 2210 404 2297 regulam
435 2210 546 2297 legere
580 2220 712 2277 coaetus
744 2219 804 2277 est.
849 2212 900 2277 Eo
925 2222 1070 2300 tempore
1095 2221 1202 2300 pater,
1235 2215 1292 2301 qui

175 2315 275 2400 pueri
299 2321 332 2378 et
350 2312 548 2379 docilitatem
566 2312 788 2398 observasset,
813 2323 845 2381 et
864 2316 965 2381 animi
993 2316 1161 2400 ardorem,
1184 2318 1291 2405 ipsum

175 2415 352 2481 literarum
373 2415 489 2485 studiis
511 2416 705 2501 destinavit,
728 2418 777 2483 ita
793 2426 917 2502 tamem
939 2427 975 2485 ut
999 2419 1177 2505 prudenter
1196 2419 1290 2485 disei-

174 2516 292 2603 plinae'
319 2519 483 2606 optionem
511 2518 605 2585 daret
630 2518 710 2585 filio.
759 2520 796 2585 Is
826 2542 920 2606 vero,
956 2520 1069 2610 quales
1096 2522 1166 2589 fere
1197 2522 1290 2610 pueri

174 2644 255 2690 esse
282 2621 402 2706 solent,
424 2623 496 2713 qui,
523 2622 611 2709 quod
634 2624 755 2687 eximia
773 2623 915 2710 quadam
950 2626 1058 2712 speeie
1086 2647 1147 2693 sua
1174 2648 1288 2695 sensus

172 2726 295 2813 tangit,
318 2724 402 2791 illud
419 2725 573 2791 continuo
586 2724 836 2812 amplectentum,
857 2726 956 2793 talem
976 2736 1009 2793 et
1022 2731 1093 2816 ipse
1111 2750 1184 2795 sese
1197 2750 1289 2817 prae-

155 2822 274 2895 stitit.
317 2826 403 2893 Nam
428 2849 503 2893 eum
524 2837 581 2893 aut
600 2826 706 2894 biblia
728 2831 816 2916 patri
836 2840 894 2897 aut
920 2828 983 2897 sibi
1003 2830 1167 2918 quoslibet
1186 2832 1288 2918 librps

173 2930 247 2996 alta
265 2951 348 2996 uooe
369 2928 507 3017 legendo
524 2929 735 2997 vehementer
757 2932 937 2999 delectatus
957 2942 1057 2999 esset:
1079 2934 1288 3023 tumdemum
1405 3006 1407 3012 ,

174 3054 216 3097 se
243 3031 468 3098 beatissimum
495 3032 567 3099 fore
598 3033 764 3121 sperabat,
798 3056 873 3101 cum
900 3035 1075 3124 aliquando
1104 3057 1163 3123 pro
1194 3056 1288 3103 saera

173 3135 341 3199 concione
364 3158 383 3201 e
411 3145 569 3222 suggestu
596 3138 772 3223 perorandi
799 3146 944 3224 potestas
972 3138 1049 3205 data
1073 3147 1168 3205 esset.
1213 3136 1286 3221 Quo

84 3305 85 3314 ,
172 3236 280 3302 animi
302 3236 652 3324 impetueouacribere
673 3238 801 3305 solebat
815 3240 988 3324 orationes,
1005 3261 1091 3327 quas
1111 3261 1204 3309 sacro
1218 3263 1286 3329 mu·

84 3405 85 3408 ,
173 3341 249 3406 neri
270 3339 455 3427 praefectus
474 3340 595 3407 habere
617 3340 793 3429 cogitabat.
837 3342 948 3409 Etiam
968 3344 1084 3429 poesin
1105 3344 1230 3431 attigit,
1250 3353 1287 3409 ut

84 3487 85 3494 κ
173 3442 226 3508 rei
257 3442 415 3512 metricae
441 3466 660 3533 versuumque
690 3445 836 3531 ignarus.
893 3446 1041 3535 Cumque
1071 3445 1162 3512 illain
1191 3468 1284 3515 sacro
1377 3501 1384 3519 ,

172 3552 304 3611 tantum
327 3547 402 3611 usui
428 3544 623 3613 destinatam
652 3568 724 3613 esse
749 3556 893 3636 putaret,
921 3548 1126 3616 Psalmorum
1148 3551 1285 3639 optimos

84 3641 85 3652 ’
174 3634 324 3738 quosque
342 3648 463 3714 imitari
480 3672 656 3737 aggressus
678 3659 737 3735 est,
755 3650 886 3718 alienus
909 3653 951 3718 ab
970 3654 1011 3717 iis
1032 3652 1201 3738 Musarum
1218 3675 1285 3720 cra-

173 3750 324 3838 pundiis,
363 3748 480 3840 quibus
516 3754 687 3840 ingeniosa
711 3754 870 3842 juventus
909 3754 1064 3821 delectari
1094 3755 1284 3845 plerumque

175 3853 270 3920 solet.
593 3855 597 3867 “

262 3954 379 4045 Neque
392 3966 506 4023 tamen
527 3958 575 4024 ita
595 3960 631 4023 iu
650 3958 742 4025 coelo
759 3958 937 4044 habitabat,
958 3961 1036 4047 quin
1050 3961 1215 4027 interdum
1234 3982 1282 4027 re·
1399 4036 1404 4045 ¹

174 4053 249 4125 rum
267 4046 642 4145 terrestrium'oogitstio
663 4059 823 4149 obrepens
844 4062 953 4128 fruens
971 4082 1030 4129 suo
1052 4063 1282 4151 voluptateque
1304 4138 1310 4147 ‚

175 4162 320 4229 animum
340 4162 566 4229 vehementius
585 4173 742 4230 moveret
786 4164 856 4250 Sic,
878 4172 915 4231 ut
935 4165 997 4232 boc
1017 4174 1108 4249 uter,
1130 4187 1204 4231 cum
1224 4164 1282 4229 ali·

175 4264 308 4353 quando
334 4274 548 4331 memoratum
575 4264 727 4352 legisset:
756 4288 828 4332 esse
856 4267 1027 4333 mirificam
1048 4270 1212 4354 quandam
1231 4284 1281 4333 ar·-

174 4377 241 4434 tem
260 4369 333 4433 auri
352 4368 562 4454 conficiendi,
583 4390 707 4437 summo
730 4370 878 4458 ejusdem
895 4367 1114 4437 addiscendae
1136 4368 1281 4441 attacti
1303 4385 1307 4397 ·
1352 4426 1355 4438 ‚

174 4470 295 4538 taudee
312 4471 420 4542 studio
440 4469 610 4559 flagrabat.
655 4472 763 4555 Quam
784 4475 842 4561 qui
863 4473 926 4541 sibi
947 4471 1091 4539 traderet
1111 4493 1146 4539 se
1168 4471 1280 4557 invesp-

1015 4568 1082 4634 10*
1262 4624 1268 4631 .
