3167 5192
347 494 408 558 158
450 524 456 537 =

388 668 595 747 Frtden'cum,
615 657 728 732 natum
742 664 775 733 d.
789 666 842 731 23.
859 664 1001 753 Augusti
1016 686 1060 731 m.
1078 665 1175 748 1781,
1196 664 1253 753 qui
1268 684 1344 731 cum
1358 662 1465 731 laude

428 764 576 833 medicae
590 768 671 834 artis
682 766 790 835 studia
800 774 951 853 sectatus,
965 767 1101 833 eandem
1115 766 1266 833 factitare
1277 767 1406 854 cogitat
1418 766 1465 850 *).

389 872 568 935 Dorotheum
589 872 779 950 domoon
801 892 834 935 n.
857 870 1118 937 1171111111.
1140 870 1231 935 1783.

354 1052 357 1062 Ι
386 974 513 1052 Iustam,
538 995 571 1038 n.
587 972 619 1039 d.
643 974 693 1039 13.
705 970 870 1061 Septemb.
889 974 980 1057 1784,
996 974 1053 1062 qui
1066 980 1268 1040 mercaturae
1287 980 1459 1061 operamur.

392 1078 586 1154 Wdtetmom,
608 1096 641 1140 ιι.
664 1074 696 1141 1.
719 1078 751 1140 6.
773 1076 913 1162 August.
939 1078 1030 1141 1786.

388 1180 527 1243 corolum
547 1182 719 1256 Hennam,
740 1200 774 1243 n.
800 1178 832 1244 d.
848 1178 1011 1245 111111.
1036 1180 1126 1264 1788,
1149 1179 1260 1267 quiin
1282 1177 1459 1243 literarum

375 1286 380 1301 ‘
429 1281 588 1346 tirociniis
609 1288 768 1346 versatm.
834 1292 845 1311 ‘

317 1383 321 1391 “
388 1386 567 1449 consonam
588 1388 792 1463 Ws'llselmsbm,
812 1404 845 1447 n.
865 1382 897 1447 d.
915 1382 966 1447 22.
983 1382 1118 1449 danuar.
1138 1386 1229 1448 1791.
1266 1382 1361 1465 Quae
1381 1404 1461 1450 cum

426 1483 603 1551 Wilhelmo
618 1486 791 1551 immatura
812 1492 916 1550 morte
935 1492 1062 1573 patrem
1077 1486 1265 1573 praevertit.

427 1586 540 1676 Neque
568 1609 647 1653 vero
673 1590 709 1653 in
735 1588 876 1655 recentis
905 1588 1050 1675 conjugii
1080 1586 1253 1654 dulcedine
1281 1587 1457 1652 literarum

210 1730 220 1741 ,
341 1690 484 1757 studium
497 1688 712 1777 refrigescere
726 1690 790 1757 sibi
805 1712 921 1780 passus
937 1698 986 1755 est
999 1689 1128 1775 Noster,
1151 1690 1210 1755 sed
1224 1692 1331 1757 aerios
1350 1691 1456 1755 etiam

339 1811 458 1881 urgere
478 1792 594 1881 coepit
631 1792 740 1881 Atque
763 1814 806 1859 ex
824 1812 888 1883 quo
903 1790 1049 1860 'l'etensii
1068 1814 1253 1859 sermonum
1267 1792 1455 1859 literarum-

340 1919 404 1986 que
435 1896 626 1961 auctoritate
660 1895 826 1981 utebatur,
862 1894 1012 1985 cupidius
1051 1898 1148 1963 etiam
1181 1895 1452 1984 amplectebatur,

341 2021 438 2089 quam
466 2018 594 2087 semper
620 1996 752 2086 plurimi
776 1999 900 2065 fecerat
928 1998 1087 2065 rationem
1111 2020 1237 2083 eorum,
1270 1999 1325 2087 qui
1351 2018 1454 2085 expe-

339 2102 456 2169 riundo
470 2099 749 2191 philosophantur,
766 2110 919 2191 totusque
936 2110 1006 2168 erat
1021 2102 1056 2167 in
1073 2100 1315 2190 Psyohologiae
1326 2101 1450 2166 studio.

308 2209 312 2222 '
423 2196 507 2271 Inde
528 2202 690 2293 duplicem
712 2204 854 2272 fructum
874 2204 1021 2293 percepit
1040 2226 1093 2271 res
1114 2202 1282 2270 literarum
1295 2202 1450 2291 publiea:

337 2309 576 2397 primumcum
604 2303 738 2392 librum,
768 2330 833 2396 quo
859 2306 1020 2373 humanae
1050 2306 1168 2373 mentis
1194 2316 1345 2372 naturam
1372 2328 1447 2395 per·

337 2412 503 2497 vestigare
527 2432 702 2496 aggressus
730 2420 797 2495 est,
829 2408 934 2476 tribus
960 2410 1108 2499 partibus
1131 2408 1325 2475 absolutum.
1372 2407 1449 2490 Quo

337 2512 409 2601 ipse
434 2512 561 2599 largam
590 2510 855 2579 observationum
882 2514 1023 2603 copiam,
1055 2534 1135 2603 quas
1155 2512 1251 2579 lectio
1272 2508 1449 2599 multiplex

339 2624 372 2680 et
396 2614 481 2681 bene
509 2614 660 2681 instituta
689 2616 934 2703 suppeditabat,
967 2616 1145 2705 expromsit
1176 2612 1447 2703 dijudicavitque.

335 2712 457 2784 Nostro
486 2719 573 2784 enim
598 2739 726 2807 semper
751 2718 825 2797 visa
847 2726 911 2802 est,
942 2728 1056 2786 contra
1075 2726 1173 2807 atque
1193 2716 1382 2785 Heraclitus
1392 2716 1445 2804 ”l

337 2821 450 2904 sensit,
472 2822 667 2905 πολυμαθίη
688 2814 773 2885 νόον
791 2817 974 2887 διδάσκειν.

420 2920 569 2989 Alterum
596 2922 659 2991 hoc
683 2923 839 3009 instituit,
861 2944 964 3009 novo,
993 2923 1081 3012 quod
1102 2920 1252 3011 equidem
1272 2922 1391 3005 sciam,
1413 2927 1446 2985 at

337 3021 470 3111 egregio
489 3024 636 3111 consilio,
657 3032 694 3092 ut
713 3026 748 3090 in
766 3025 835 3092 filio
852 3026 962 3114 stirpis
983 3026 1135 3110 maximo,
1157 3046 1271 3091 recens
1285 3030 1374 3107 nato,
1397 3022 1442 3088 di·

166 3152 172 3167 *
231 3157 234 3162 ·
335 3126 476 3213 ligenter
506 3128 696 3194 observaret
723 3128 966 3217 simplicissima
994 3136 1131 3193 naturae
1160 3127 1321 3193 humanae
1350 3126 1445 3191 initia

335 3228 540 3317 aperiretque
567 3230 769 3317 singularum
798 3232 899 3296 animi
925 3230 1117 3298 facultatum
1141 3232 1316 3313 rationem,
1345 3237 1443 3318 prout

255 3338 259 3343 ’
335 3353 394 3397 suo
413 3354 560 3421 quaeque
578 3342 724 3421 tempore
747 3356 820 3400 sese
835 3332 980 3401 excludit
994 3334 1097 3422 quasi,
1120 3342 1217 3423 atque
1233 3330 1387 3420 explicat,
1411 3339 1441 3396 et

335 3431 489 3522 deinceps
513 3432 683 3520 paullatim
703 3437 831 3502 crescit.
876 3434 967 3519 Quas
995 3436 1240 3503 observationes
1265 3436 1441 3515 accuratis·

334 3537 415 3603 sime
436 3536 644 3623 consignatas
665 3547 697 3604 et
718 3560 777 3605 suo
799 3560 959 3638 quamque
989 3538 1103 3605 ordine
1134 3536 1290 3605 deductas
1313 3524 1441 3626 exposi-

333 3645 449 3727 tasque
470 3659 544 3704 cum
565 3638 670 3707 doctis
691 3642 948 3708 communicavit
959 3642 994 3707 in
1011 3640 1168 3729 symbolis
1183 3640 1354 3707 Hassiacls
1369 3638 1438 3704 lite·

333 3740 439 3807 rariis.
484 3740 558 3823 Qua
585 3744 620 3808 in
647 3766 683 3824 re
712 3744 818 3832 qualis
844 3744 947 3832 ipsius
973 3744 1073 3811 fuerit
1097 3753 1130 3811 et
1147 3742 1345 3812 observandi
1367 3740 1437 3807 dili-

333 3844 446 3929 gentia
468 3853 501 3911 et
519 3845 737 3935 perspiciendi
763 3847 925 3935 sagacitas
947 3849 1033 3935 grati
1053 3856 1235 3935 agnoscunt
1253 3846 1437 3935 quicunque

403 4035 430 4107 Ι1)
452 4038 552 4091 Confer
571 4054 643 4090 nunc
665 4038 759 4093 literas
777 4056 852 4095 meas
870 4040 905 4093 ad
922 4041 994 4094 hunc
1011 4040 1224 4096 Tisdemaanam
1239 4040 1335 4106 datas,
1362 4040 1438 4093 nlnt-

333 4138 393 4178 rum
409 4125 458 4179 llr.
478 4126 521 4179 16.
540 4127 599 4177 sive
616 4131 760 4180 utranam.

403 4212 447 4282 **)
470 4214 615 4280 Diogen.
633 4215 745 4267 Labrt.
768 4215 797 4265 in
814 4214 874 4281 ejus
892 4215 965 4267 vita:
991 4206 1176 4285 μεγαλόφρων
1200 4208 1233 4267 db
1251 4207 1350 4283 pigeas
1366 4204 1435 4281 παρ’

332 4288 468 4351 busseris
490 4294 540 4350 scel
555 4290 718 4368 ὑπερόπτης
739 4292 778 4362 ὥς
792 4297 842 4352 uel
858 4286 888 4351 ἔκ
905 4296 941 4355 τό
959 4288 1171 4373 ανγγρόμμαιος
1188 4293 1262 4355 otta
1276 4294 1383 4370 dailos,
1407 4292 1435 4353 ἔν

332 4372 441 4456 ᾦφησὶ
457 4385 689 4455 „aotcpclllq
707 4380 794 4440 νόον
812 4376 830 4440 r}
849 4382 1038 4441 ὃιᾶόσκεικ
1057 4417 1092 4430 —-
1113 4390 1184 4444 adde
1205 4390 1279 4447 Aul.
1298 4388 1384 4447 Gell.
1401 4390 1434 4445 N.

333 4476 366 4525 Α.
383 4473 505 4525 Ριιο1ι1.
520 4488 583 4541 pag.
603 4476 629 4527 7.
647 4474 713 4528 edit.
734 4475 854 4529 Gronov.
874 4476 967 4544 ibique
983 4476 1141 4545 Interprstt.
