3167 5192
305 465 367 532 tat

305 633 447 722 denique
474 631 579 714 vires,
608 651 692 718 quae
719 628 822 696 cfficfi
847 629 968 696 medici
992 628 1157 694 aenimnia
1183 635 1219 703 et
1245 625 1438 692 laboribus

306 733 503 802 sufficerent.
548 733 599 798 Ac
620 731 777 798 credibile
796 737 856 814 est,
875 731 963 796 Eum
976 730 1006 794 ai
1026 729 1116 794 illius
1136 730 1251 796 tuendi
1270 730 1356 817 plus
1381 729 1440 793 di-

306 835 462 924 ligentiae
489 831 662 916 adhibere,
689 839 722 896 et
748 853 846 920 quam
864 831 938 896 aliis
957 833 1118 896 rationem
1134 832 1271 897 vivendi
1291 831 1440 918 praeci·

282 1003 287 1014 ,
306 937 429 1026 plebat,
451 937 522 1023 ipse
538 935 632 1022 sequi
649 933 816 1017 voluisset,
832 935 867 998 in
880 933 1114 1020 octogesimum
1134 933 1274 1020 amplius
1293 953 1439 996 annum

306 1029 408 1106 vilem
428 1045 668 1126 protracturum
693 1035 807 1102 fuisse.
849 1036 896 1100 At
916 1033 973 1100 ille
994 1036 1188 1121 imperiosus
1212 1034 1277 1100 sibi
1298 1035 1439 1100 fretus-
1487 1120 1488 1123 Ἴ

306 1163 370 1230 que
387 1137 541 1206 firmitate
560 1137 705 1224 corporis
725 1138 826 1226 inque
853 1141 944 1204 uictu
968 1136 1172 1224 ultraquam
1193 1143 1345 1222 parerat
1371 1157 1441 1199 ne-

306 1241 454 1330 gligens,
479 1261 579 1327 saepe
605 1240 640 1304 in
663 1247 843 1305 extremam
864 1239 1084 1304 infirmitatem
1105 1239 1217 1326 lapsus
1238 1245 1303 1321 est,
1331 1237 1439 1303 unde

307 1365 381 1411 cum
402 1351 537 1409 nahmen
558 1339 718 1406 beneficio
733 1341 833 1406 facile
850 1342 1047 1423 emeruisset,
1068 1363 1181 1406 maus
1197 1341 1311 1406 eadem
1326 1363 1438 1428 repe-

306 1445 407 1512 tebat.
451 1442 549 1524 Quod
569 1464 673 1530 nuper
694 1444 792 1508 etiam
812 1443 981 1529 cognitum
1001 1450 1061 1527 est,
1082 1465 1183 1530 quum
1202 1442 1268 1530 ille,
1288 1443 1438 1508 incaute

307 1567 386 1614 usus
412 1544 617 1628 valetudine,
645 1543 865 1612 membrorum
889 1543 1102 1631 palpitatione
1123 1545 1301 1610 convulsus
1321 1546 1458 1612 morti.

307 1649 476 1738 proximus
500 1646 685 1712 haberetur.
730 1645 914 1712 Ocnvolant
942 1645 1088 1730 collegae
1110 1645 1281 1711 Michaelis
1303 1656 1337 1712 et
1356 1648 1435 1712 Bu·

309 1749 428 1834 schius,
450 1750 515 1814 viri
532 1749 612 1814 artis
632 1745 778 1813 medicae
796 1748 1039 1830 consultissimi,
1061 1747 1180 1835 quibus
1192 1759 1272 1812 tunc
1286 1750 1434 1836 quidem

309 1859 403 1916 caute
425 1849 579 1918 adhibitis
600 1849 864 1936 generosissimis
882 1849 1035 1916 remediis
1053 1851 1191 1935 contigit
1211 1873 1348 1916 servare
1365 1852 1431 1916 ho-

309 1953 445 2035 minem,
474 1951 530 2040 qui
555 1953 626 2040 ipae
655 1950 832 2038 aliquando
859 1952 1017 2040 plurimos
1044 1961 1245 2017 servaverat.
1289 1953 1430 2035 Quibus

309 2053 381 2138 1116,
401 2063 438 2122 ut
460 2055 584 2120 eratin
606 2053 694 2119 omni
715 2054 786 2118 vita
802 2055 1017 2140 gratissimus,
1038 2063 1169 2140 gratum
1181 2053 1429 2121 16116116ἱί161-

311 2179 382 2224 sum
406 2157 538 2244 publice
565 2163 702 2222 testatus
727 2163 777 2220 est
797 2177 865 2220 non
885 2157 956 2220 siue
976 2156 1147 2244 lacrymis,
1168 2179 1243 2221 cum
1264 2157 1356 2224 haud
1377 2159 1431 2222 ita

231 2313 234 2322 .
310 2257 411 2324 multo
434 2266 510 2345 post
530 2257 649 2344 juveni
678 2259 817 2322 nostrati
848 2258 991 2324 doctoris
1022 2267 1213 2326 ornamenta
1239 2260 1429 2346 impertiret

310 2359 423 2426 habita
443 2361 589 2426 oratione
611 2365 649 2426 dc
670 2367 790 2426 summis
808 2365 986 2439 quibasdam
1005 2365 1137 2440 medicat,
1155 2368 1209 2441 qai
1222 2367 1342 2427 111111
1363 2369 1429 2428 bae

310 2468 411 2528 schola
433 2467 607 2528 docuerunt.

394 2563 504 2652 Atque
524 2563 586 2626 hoc
609 2584 795 2648 supremum
812 2562 944 2650 publice
965 2564 1157 2650 dixittnam
1176 2586 1288 2629 narsus
1312 2587 1353 2630 eo
1375 2589 1427 2630 re·

221 2729 224 2734 .
309 2663 454 2746 volutus,
487 2665 575 2732 unde
608 2667 859 2758 vix'evaserat,
891 2688 966 2732 cum
987 2666 1090 2734 iidem
1113 2665 1279 2733 duumviri
1304 2668 1427 2732 eodem

310 2765 419 2830 studio
441 2787 570 2830 omnem
590 2775 693 2832 artem
716 2777 958 2852 expromerent,
988 2777 1098 2832 tamen
1118 2767 1201 2834 adeo
1222 2769 1350 2834 viribus
1368 2771 1427 2836 de-

311 2867 443 2950 fecerat,
464 2876 501 2932 ut
519 2867 663 2933 remedio
683 2867 773 2934 locus
795 2892 862 2934 non
874 2869 1123 2958 relinqueretur.
1149 2866 1265 2957 Itaque
1280 2871 1426 2936 animam

311 2968 456 3037 reddidit
476 2969 508 3036 d.
532 2969 578 3036 ΙΙ.
600 2970 736 3044 Januar.
763 2973 861 3055 1804,
881 2993 1076 3038 cum-annes
1093 2973 1233 3038 vixisset
1249 2973 1427 3058 sexaginta

276 3104 282 3127 ι
311 3079 345 3138 et
373 3071 541 3159 qunque
582 3068 685 3161 Cujus
713 3094 797 3161 quae
821 3073 910 3161 apud
938 3075 1029 3140 cives
1053 3075 1166 3160 gratia
1185 3073 1300 3157 fuerit,
1332 3082 1426 3161 pate·

261 3253 264 3261 ,
310 3172 435 3240 sactum
456 3183 506 3250 est
529 3197 603 3245 cum
630 3175 704 3242 aliis
726 3174 836 3267 rebus,
856 3184 926 3243 tum
944 3176 1044 3242 limus
1057 3177 1325 3264 prosequentium
1338 3177 1426 3244 cele·
1469 3183 1476 3200 '

311 3273 443 3342 britate.

397 3477 473 3544 Jam
498 3501 573 3547 cum
600 3478 642 3546 ab
668 3480 831 3568 ejusmodi
855 3483 977 3570 scripto
1007 3505 1048 3548 ea
1074 3483 1202 3550 soleant
1229 3470 1426 3572 exspectari,

312 3580 430 3670 quibus
460 3581 592 3646 edoctus
618 3583 754 3670 quisque
776 3584 954 3668 imaginem
975 3584 1123 3650 defuncti
1143 3585 1207 3651 sibi
1228 3588 1427 3656 adumbrare

264 3687 270 3696 “
311 3681 435 3752 valcat:
471 3683 508 3746 in
534 3683 597 3748 hoc
621 3683 752 3770 quidem
776 3686 850 3750 viro
871 3686 948 3772 jure
978 3686 1122 3774 quodam
1148 3711 1220 3755 meo
1242 3689 1426 3780 hacopera

313 3783 527 3872 supersedere
556 3782 636 3848 mihi
662 3783 777 3850 videar
802 3809 911 3874 posse.
955 3790 1104 3877 Namque
1124 3791 1285 3878 quidquid
1307 3793 1426 3858 Illein

313 3887 402 3954 omni
424 3887 494 3950 vita
511 3893 639 3971 ageret,
670 3885 733 3950 hcc
760 3889 808 3953 ita
828 3889 934 3956 noluit
959 3913 1036 3958 sues
1057 3893 1147 3958 cives
1168 3893 1287 3979 latere,
1315 3905 1357 3962 ut
1372 3897 1427 3962 vel

291 4011 438 4080 leonum,
463 4009 638 4075 quaecum
660 3989 770 4054 animo
794 3994 983 4078 cogitasset,
1005 4015 1236 4084 uncaquosque
1258 3997 1332 4068 fere,
1350 4021 1426 4067 ocn-

314 4093 399 4158 scios
426 4091 565 4176 faceret,
601 4091 764 4180 adeoque,
798 4095 885 4182 quod
905 4097 994 4185 apud
1011 4097 1223 4164 Plutarchum
1244 4109 1309 4185 est,
1343 4101 1427 4168 Julii

312 4313 374 4366 lite'r
395 4317 493 4380 refert3
515 4332 585 4384 quae
603 4316 697 4371 eadem
719 4319 824 4374 inserta
844 4328 887 4375 est
903 4326 981 4378 Jusaz’
996 4327 1084 4380 nostri
1100 4327 1252 4382 Annalibus
1265 4329 1423 4382 Academia

311 4417 371 4454 rum
387 4403 632 4463 Germanicarum..
